3254 5326
1152 297 1902 370 PSALMORUM.

438 494 507 557 3.
541 486 884 557 Miserere
911 484 1114 567 mihi,
1137 485 1469 567 Domine,

368 604 708 697 quoniam
749 604 841 672 ad
875 612 947 672 te
984 600 1283 672 clamavi
1318 609 1472 670 tota

367 720 533 803 die3
587 718 873 789 laetifica
919 717 1233 787 animam
1285 715 1471 786 servi

368 838 500 919 tui,
571 838 742 928 quia
817 836 909 905 ad
975 843 1069 916 te,
1140 834 1470 916 Domine,

370 953 682 1022 animam
717 974 955 1021 meam
990 949 1238 1020 levavi.

472 1422 538 1486 4.
593 1413 953 1496 Quoniam
998 1422 1102 1496 tu,
1139 1412 1470 1497 Domine,

368 1532 629 1613 suaviS,
690 1554 772 1600 ac
833 1529 1053 1612 mitis,
1105 1538 1176 1598 et
1236 1527 1471 1619 copio-

369 1673 489 1719 sus
515 1646 1002 1718 misericordia
1034 1645 1364 1716 omnibus
1391 1644 1467 1713 in

370 1764 863 1836 invocantibus
900 1772 991 1832 te.

468 2118 537 2183 5.
589 2111 913 2182 Auribus
964 2111 1269 2203 percipe,
1323 2111 1470 2181 Do-

268 2275 276 2283 ·
367 2227 583 2311 mine,
619 2228 1012 2298 orationem
1065 2250 1340 2312 meam3
1397 2239 1468 2298 et

365 2343 655 2415 intende
721 2346 876 2416 voci
951 2345 1465 2436 deprecationis

368 2484 569 2532 meae.

491 2807 559 2878 6.
639 2810 727 2880 In
793 2809 909 2879 die
979 2810 1464 2881 tribulationis

369 2949 547 2995 meae
601 2926 901 2998 clamavi
954 2929 1045 2996 ad
1100 2937 1221 3012 te3
1293 2952 1468 3020 quo-

367 3042 564 3112 niam
599 3043 952 3114 exaudisti
988 3067 1122 3113 me.

469 3514 539 3586 7.
590 3509 758 3579 Non
793 3520 900 3580 est
935 3510 1188 3580 similis
1223 3509 1359 3579 tibi
1392 3509 1470 3578 in

370 3626 531 3710 diis,
583 3627 894 3696 Domine
931 3649 950 3710 3
1025 3637 1097 3696 et
1158 3650 1301 3696 non
1363 3635 1471 3697 est

370 3746 757 3814 secundum
794 3766 1009 3833 opera
1043 3751 1189 3813 tua.

470 4213 537 4275 8.
609 4209 876 4277 Omnes
936 4217 1207 4303 genteS,
1260 4232 1471 4301 quas-

370 4345 671 4414 cumque
730 4323 985 4406 fecisti,
1039 4325 1346 4408 venient,
1398 4333 1471 4394 et

371 4439 769 4508 adorabunt
850 4464 1086 4510 coram
1159 4450 1253 4523 te,
1324 4441 1471 4511 Do-

2545 307 2687 371 233

1675 490 1741 553 3.
1799 483 2053 554 Miltsa
2086 509 2222 568 me,
2258 487 2597 570 Drihten,

1571 603 1802 693 bonne
1836 600 1902 670 ic
1937 624 2257 697 maegene
2294 611 2369 673 to
2401 600 2515 685 δε,

1571 717 1757 811 purh
1793 718 1993 786 ealne
2027 712 2213 812 daeg,

1571 835 1729 902 elne
1764 834 2093 923 cleopade
2123 855 2143 917 3

1575 951 1668 1018 do
1700 948 1900 1044 Pines
1936 951 2232 1018 scealces

1575 1068 1792 1135 sawle
1829 1063 2042 1149 blisse,

1573 1179 1833 1251 fofflon
1867 1181 1933 1251 ic
1966 1181 2045 1250 hi
2079 1190 2156 1251 to
2189 1179 2279 1252 *Se

1573 1296 1802 1366 hebbe
1834 1297 2258 1393 genehhige.

1624 1418 1691 1482 4.
1716 1410 2007 1482 Fofflon
2029 1417 2126 1508 pu
2147 1423 2300 1483 eart
2323 1437 2677 1508 wynsum,

1569 1529 1969 1599 Wealdend
2005 1529 2346 1613 Drihten,

1567 1645 1631 1716 is
1665 1646 1789 1742 pin
1824 1647 2041 1717 milde
2076 1648 2243 1717 mod

1569 1767 1796 1855 mycel
1832 1766 1975 1834 and
2007 1764 2422 1861 genihtsum

1573 1882 1839 1949 eallum
1873 1883 2034 1975 pam
2072 1883 2156 1974 pe
2189 1882 2274 1974 pe

1570 1998 1728 2064 elne
1764 1993 2036 2090 cigeass.

1669 2117 1736 2182 5.
1793 2110 1897 2197 Du
1928 2112 2078 2182 mid
2114 2134 2362 2181 earum
2396 2111 2640 2193 onfoh,

1567 2252 1685 2298 ece
1720 2227 2056 2311 Drihten,

1568 2342 1721 2414 min
1757 2369 1939 2439 agen
1973 2346 2224 2441 gebed,

1567 2464 1710 2532 and
1745 2485 1866 2532 eac
1901 2462 2222 2544 beheald,

1567 2582 1670 2650 hu
1704 2581 1771 2651 ic
1805 2582 2034 2652 stefne
2069 2591 2146 2650 to
2178 2578 2269 2649 *Se

1567 2700 1913 2767 stundum
1948 2697 2284 2792 cleopige.

1669 2811 1737 2884 6.
1792 2812 2029 2899 Donne
2063 2836 2177 2882 me
2211 2836 2305 2882 on
2338 2812 2570 2906 daege,

1569 2932 1777 3000 deorc
1811 2927 2097 2999 carfo’Se

1565 3046 1859 3116 carelice
1895 3046 2311 3137 cnyssedan,

1564 3166 1796 3258 ponne
1830 3162 1896 3232 ic
1931 3162 2261 3251 cleopode
2296 3168 2372 3229 to
2403 3156 2540 3242 *δες

1565 3280 1820 3372 forpon
1852 3282 1948 3373 1211
1984 3300 2098 3346 me
2131 3270 2542 3372 gehyrdest,

1570 3396 1782 3464 holde
1817 3395 2046 3462 mode.

1672 3515 1742 3587 7.
1797 3510 1868 3578 N
1872 3510 1933 3579 is
1968 3512 2053 3603 pe
2087 3510 2276 3603 goda
2309 3506 2524 3602 aenig,

1571 3651 1666 3697 on
1701 3625 2076 3720 gum-rice,

1569 3744 1842 3813 ahwaer
1876 3742 2036 3811 efne
2069 3740 2276 3836 gelic,

1570 3884 1687 3930 ece
1724 3859 2035 3930 Drihten
2066 3881 2086 3942 ς

1571 4000 1662 4045 ne
1695 3974 1786 4045 *Se
1821 3999 2052 4046 weorc
2089 3998 2375 4068 magon,

1571 4115 1902 4185 wyrcean
1937 4090 2144 4161 anlic.

1672 4213 1738 4278 8.
1796 4207 2000 4277 Ealle
2033 4210 2131 4302 pu
2164 4206 2598 4303 geworhtest

1570 4348 1762 4395 wera
1796 4323 2172 4405 cneorissa,

1569 4445 1659 4536 pa
1692 4444 1776 4535 pe
1813 4436 2177 4510 weoffliass
