3254 5326
435 613 536 687 N
530 622 665 686 otae
699 612 970 700 breves,
1007 609 1394 685 maximam
1414 617 1735 706 partem,
1774 608 1881 682 ad
1909 619 2148 683 temtus
2178 608 2515 684 emenda-

1128 741 1390 815 tionem
1421 749 1849 839 spectantes.

1198 981 1761 1025 --....---

329 1113 524 1238 Psffmv’.
554 1178 609 1236 6.
661 1180 808 1237 Vers.
839 1180 973 1239 Lat.
1011 1180 1213 1253 legitur
1239 1180 1298 1233 in
1330 1177 1463 1236 Cod.
1508 1189 1828 1256 resurgunt,
1856 1178 2017 1234 male.
2101 1176 2175 1234 V.
2210 1191 2266 1252 7.
2310 1178 2629 1253 Legendum

488 1279 721 1343 omnino,
751 1288 849 1333 aut
878 1276 1091 1354 hwylce
1120 1294 1293 1354 wege,
1322 1282 1423 1331 aut
1450 1274 1707 1353 hwylcne
1734 1293 1875 1354 weg.

328 1374 438 1432 111.
480 1392 534 1430 v.
566 1390 620 1450 5.
670 1373 801 1431 Cod.
831 1373 947 1430 mid
971 1391 1077 1448 pro
1106 1373 1245 1438 min,
1274 1373 1518 1446 pessime.

215 1535 231 1555 Ι
325 1471 431 1528 IV.
472 1490 530 1528 v.
563 1484 616 1545 5.
666 1470 797 1527 Cod.
829 1469 941 1526 and
967 1468 1117 1527 ealra
1144 1471 1426 1543 repetitur.

326 1568 429 1625 VI.
471 1586 524 1624 v.
555 1584 611 1641 3.
660 1566 792 1623 Cod.
823 1578 884 1623 to
913 1569 1196 1641 repetitur.
1359 1636 1364 1640 .

326 1665 461 1722 VII.
504 1667 836 1739 Argumenti
868 1662 905 1720 l.
937 1680 994 1737 3.
1029 1664 1159 1720 Cod.
1190 1662 1461 1728 teonode.
1496 1664 1696 1719 litteris
1723 1661 1801 1719 od
1829 1662 2034 1720 lineola
2058 1665 2382 1738 subscripta.
2464 1665 2540 1722 V.
2569 1665 2627 1722 6.

485 1763 604 1818 voci
632 1780 737 1818 saer
763 1762 1038 1836 respondit
1046 1760 1297 1835 sortasse
1324 1766 1512 1816 nostra
1540 1778 1685 1817 soar.

324 1856 433 1914 IX.
478 1876 529 1914 v.
560 1855 615 1913 6.
664 1857 796 1914 Cod.
823 1863 947 1931 post
975 1855 1165 1921 heora,
1195 1874 1300 1912 vox
1327 1866 1542 1913 ceastra
1567 1860 1732 1923 deest,
1765 1874 1931 1931 quam
1957 1857 2221 1930 supplevi.

324 1955 435 2012 XI.
480 1973 531 2012 v.
561 1972 613 2013 1.
661 1955 792 2011 Cod.
822 1953 1017 2010 didum
1040 1972 1145 2028 pro
1174 1952 1372 2011 tidum.
1457 1953 1532 2010 V.
1567 1968 1620 2029 5.
1650 1954 1854 2031 yt’6um
1875 1972 1982 2028 pro
2009 1955 2295 2031 yrm’6um.

327 2051 472 2109 XII.
519 2071 567 2108 v.
597 2065 650 2126 5.
700 2051 831 2107 Cod.
862 2061 1079 2129 stenga.

325 2148 500 2207 XIII.
540 2166 591 2204 v.
622 2164 712 2202 10.
760 2146 892 2204 Cod.
931 2147 1234 2224 yrmingas,
1273 2152 1471 2219 postea
1508 2165 1544 2201 a
1585 2163 1754 2201 manu
1795 2148 2033 2203 secunda
2073 2148 2132 2201 in
2168 2142 2468 2223 yrmingaes
2510 2163 2628 2201 mu-

491 2251 683 2300 tatum.

327 2341 462 2398 XV.
508 2360 556 2398 v.
594 2358 642 2397 1.
691 2340 825 2397 Cod.
855 2337 992 2396 hine
1013 2357 1120 2413 pro
1147 2343 1221 2417 pu
1251 2357 1360 2396 me.

325 2438 494 2495 XVl.
538 2457 588 2493 v.
625 2455 679 2494 2.
711 2435 747 2492 1.
779 2437 838 2493 6.
884 2437 1016 2494 Cod.
1063 2434 1214 2493 mine
1252 2455 1358 2510 pro
1397 2435 1545 2514 pine.
1631 2437 1702 2493 V.
1735 2455 1792 2512 9.
1839 2438 1909 2495 be
1949 2455 2052 2511 pro
2095 2454 2208 2503 me,
2257 2436 2459 2493 lineola
2501 2437 2628 2493 sub-

487 2535 711 2609 scripta.
797 2534 865 2589 V.
909 2551 994 2590 12.
1040 2534 1182 2590 mira
1199 2552 1309 2607 pro
1338 2532 1535 2590 mim-a.
1619 2534 1696 2592 V.
1736 2549 1826 2609 15.
1856 2532 2115 2591 aeeawed.

327 2635 523 2694 XVII.
569 2654 622 2692 v.
653 2652 709 2709 3.
766 2634 896 2690 Cod.
938 2631 1238 2689 fultumen.
1339 2631 1412 2688 V.
1452 2649 1542 2690 12.
1586 2630 1765 2711 lfftegu
1804 2652 1909 2707 pro
1951 2631 2146 2711 ligetu.
2231 2633 2305 2691 V.
2344 2649 2434 2705 14.
2480 2630 2630 2689 strael

485 2750 590 2807 pro
631 2729 865 2788 straelas.
950 2729 1023 2785 V.
1058 2730 1151 2787 26.
1196 2728 1655 2788 ofermodenena.
1740 2731 1812 2789 V.
1844 2750 1943 2806 33.
1989 2749 2191 2789 aerene.
2274 2729 2348 2786 V.
2376 2748 2475 2804 43.
2519 2727 2634 2786 oft-

489 2829 686 2906 lugon,
718 2828 904 2884 littera
931 2835 957 2883 t
984 2846 1019 2882 α
1056 2845 1225 2884 manu
1265 2829 1502 2884 secunda
1541 2831 1912 2903 superscripta
1928 2855 1948 2897 ,·
1994 2830 2278 2903 legendum
2321 2846 2506 2884 censeo
2549 2824 2635 2882 oft

491 2925 682 3003 lugon.
767 2923 840 2979 V.
871 2922 969 2996 48.
1005 2928 1075 3002 pa
1100 2928 1171 3002 pu
1196 2942 1302 2999 pro
1329 2928 1396 3002 pe
1420 2928 1528 3001 pu3
1571 2927 1633 2981 it.
1663 2944 1768 3002 cyn
1791 2945 1898 3001 pro
1925 2945 2126 3004 cynne.

1058 3027 1144 3066 ent

330 3086 560 3145 XVIII.
601 3103 653 3140 v.
686 3083 742 3140 6.
791 3084 925 3140 Cod.
955 3085 1170 3162 gigant,
1201 3087 1277 3142 sic
1297 3113 1318 3155 ,·
1356 3087 1540 3160 glossa
1569 3107 1605 3143 a
1631 3107 1797 3144 manu
1826 3091 1997 3145 veteri
2022 3093 2405 3163 superscripta.

331 3183 502 3241 XIX.
548 3201 596 3239 v.
628 3180 687 3238 6.
738 3180 867 3237 Cod.
899 3179 1136 3237 swizan.

330 3281 506 3339 XXI.
549 3282 689 3353 Arg.
714 3278 848 3335 Lat.
884 3279 1014 3335 cod.
1039 3278 1341 3338 elevatum.
1401 3281 1475 3338 V.
1500 3298 1553 3338 2.
1584 3280 1788 3359 daegas.
1853 3282 1925 3338 V.
1951 3296 2008 3356 5.
2039 3279 2389 3358 leahtungre.
2448 3279 2522 3335 V.
2548 3294 2637 3334 11.

489 3396 596 3452 pro
622 3381 748 3455 paet,
784 3377 914 3433 Cod.
946 3378 1091 3433 male
1120 3378 1283 3434 habet
1310 3379 1400 3444 he,
1433 3380 1577 3452 quod
1617 3381 1795 3435 minus
1833 3386 1977 3435 recte
2014 3381 2073 3434 in
2107 3383 2217 3456 paet
2254 3378 2464 3434 mutavi
2482 3399 2502 3431 .·
2545 3376 2641 3431 sed

494 3476 560 3547 pe
587 3476 805 3528 omnino
834 3474 1138 3547 legendum.
1228 3474 1294 3532 V.
1329 3492 1418 3530 12.
1454 3475 1584 3531 Cod.
1613 3479 1725 3553 paer
1744 3494 1851 3549 pro
1876 3480 2004 3554 paet.

334 3566 568 3624 XXIII.
612 3588 663 3622 v.
697 3587 747 3624 1.
797 3569 928 3626 Cod.
953 3571 1162 3646 gefylaes.
1249 3570 1320 3627 V.
1356 3587 1408 3645 7.
1441 3589 1643 3628 eower.
1728 3572 1800 3628 V.
1831 3590 1888 3646 9.
1919 3590 2128 3639 eowru,
2157 3579 2211 3628 et
2236 3588 2449 3647 eowge.

334 3660 563 3719 XXIV.
609 3682 656 3718 v.
695 3676 786 3736 15.
834 3663 965 3720 Cod.
995 3683 1171 3743 maege
1199 3664 1382 3733 fri>5ie,
1405 3686 1514 3740 pro
1544 3686 1636 3724 me
1663 3664 1917 3744 gefri’Sie.
2001 3666 2073 3724 V.
2112 3684 2202 3740 19.
2247 3663 2435 3736 Hujus
2460 3680 2642 3719 versus

498 3759 713 3814 initium
738 3761 957 3816 minime
985 3768 1064 3815 est
1092 3763 1383 3834 integrum,
1414 3783 1512 3821 nec
1539 3766 1837 3820 remedium
1865 3764 2120 3820 adhibere
2149 3781 2303 3837 que0.

335 3853 532 3911 XXV.
576 3872 626 3909 v.
657 3852 715 3909 6.
764 3853 893 3908 Cod.
922 3854 1052 3930 pine
1073 3873 1181 3928 pro
1209 3853 1393 3930 pinne.

336 3949 569 4007 XXVI.
614 3968 663 4005 v.
697 3950 753 4006 6.
797 3950 978 4007 heane
999 3970 1105 4026 pro
1133 3953 1373 4009 beaune.

336 4047 590 4104 XXVII.
634 4050 775 4122 Arg.
806 4046 844 4105 l.
875 4063 928 4121 7.
979 4049 1108 4106 Cod.
1141 4050 1284 4128 sing.
1310 4069 1417 4124 pro
1445 4052 1630 4129 sing’6.
1716 4052 1789 4108 V.
1823 4072 1870 4109 1.
1901 4052 2097 4131 hot-ige
2117 4071 2226 4126 pro
2252 4051 2521 4131 cleopige.

336 4144 621 4201 XXVIII.
661 4162 711 4200 v.
742 4162 796 4218 3.
843 4144 912 4200 In
958 4145 1087 4202 Cod.
1131 4152 1255 4220 post
1298 4146 1524 4224 halgan,
1562 4166 1668 4203 vox
1705 4147 1886 4206 healle
1934 4146 2117 4222 (aula)
2164 4151 2330 4215 deest,
2372 4168 2537 4223 quam
2582 4171 2648 4207 ex

495 4242 679 4315 glossa
721 4243 867 4299 inter
913 4243 1080 4299 codd.
1123 4243 1285 4300 Bodl.
1324 4244 1601 4301 Junianos
1636 4246 1897 4320 supplevi.
1982 4245 2053 4302 V.
2085 4260 2142 4320 5.
2185 4245 2420 4304 ceceder
2458 4266 2534 4304 on
2572 4247 2643 4305 L.

494 4357 600 4412 pro
629 4338 797 4397 ceder
824 4360 899 4397 on
931 4340 1001 4398 L.

338 4433 573 4492 XXIX.
620 4455 671 4493 v.
704 4454 727 4492 1
746 4454 795 4494 1.
842 4437 972 4494 Cod.
1003 4438 1157 4496 wlite
1178 4457 1286 4513 pro
1316 4438 1508 4496 hwite.
