<?xml version="1.0" encoding="UTF-8"?>
<!DOCTYPE html PUBLIC "-//W3C//DTD XHTML 1.0 Transitional//EN"
    "http://www.w3.org/TR/xhtml1/DTD/xhtml1-transitional.dtd">
<html xmlns="http://www.w3.org/1999/xhtml" xml:lang="en" lang="en">
 <head>
  <title>
</title>
<meta http-equiv="Content-Type" content="text/html;charset=utf-8" />
  <meta name='ocr-system' content='tesseract 3.04.00' />
  <meta name='ocr-capabilities' content='ocr_page ocr_carea ocr_par ocr_line ocrx_word'/>
</head>
<body>
  <div class='ocr_page' id='page_1' title='image "./libripsalmorum00unkngoog_0011.png"; bbox 0 0 3254 5326; ppageno 0'>
   <div class='ocr_carea' id='block_1_1' title="bbox 1171 304 2636 387">
    <p class='ocr_par' dir='ltr' id='par_1_1' title="bbox 1171 304 2636 387">
     <span class='ocr_line' id='line_1_1' title="bbox 1171 304 2636 387; baseline 0 -13"><span class='ocrx_word' id='word_1_1' title='bbox 1171 304 1810 387; x_wconf 86' lang='lat' dir='ltr'>PRAEFATIO.</span> <span class='ocrx_word' id='word_1_2' title='bbox 2537 306 2636 374; x_wconf 89' lang='lat' dir='ltr'>vii</span> 
     </span>
    </p>
   </div>
   <div class='ocr_carea' id='block_1_2' title="bbox 315 480 2638 4177">
    <p class='ocr_par' dir='ltr' id='par_1_2' title="bbox 328 480 2638 2044">
     <span class='ocr_line' id='line_1_2' title="bbox 340 480 2635 580; baseline 0.001 -28"><span class='ocrx_word' id='word_1_3' title='bbox 340 489 561 576; x_wconf 90' lang='lat' dir='ltr'>parte</span> <span class='ocrx_word' id='word_1_4' title='bbox 622 503 796 577; x_wconf 86' lang='lat' dir='ltr'>quae</span> <span class='ocrx_word' id='word_1_5' title='bbox 858 480 1208 555; x_wconf 87' lang='lat' dir='ltr'>oratione</span> <span class='ocrx_word' id='word_1_6' title='bbox 1268 483 1521 557; x_wconf 89' lang='lat' dir='ltr'>soluta</span> <span class='ocrx_word' id='word_1_7' title='bbox 1588 482 1898 556; x_wconf 88' lang='lat' dir='ltr'>reddita</span> <span class='ocrx_word' id='word_1_8' title='bbox 1965 493 2105 569; x_wconf 90' lang='lat' dir='ltr'>est,</span> <span class='ocrx_word' id='word_1_9' title='bbox 2168 481 2635 580; x_wconf 85' lang='lat' dir='ltr'>prooemium</span> 
     </span>
     <span class='ocr_line' id='line_1_3' title="bbox 338 602 2638 705; baseline 0.001 -30"><span class='ocrx_word' id='word_1_10' title='bbox 338 602 578 676; x_wconf 87' lang='lat' dir='ltr'>habet</span> <span class='ocrx_word' id='word_1_11' title='bbox 630 627 787 701; x_wconf 92' lang='lat' dir='ltr'>quo</span> <span class='ocrx_word' id='word_1_12' title='bbox 827 603 1274 678; x_wconf 90' lang='lat' dir='ltr'>indicantur</span> <span class='ocrx_word' id='word_1_13' title='bbox 1308 617 1385 680; x_wconf 91' lang='lat' dir='ltr'>et</span> <span class='ocrx_word' id='word_1_14' title='bbox 1431 617 1743 705; x_wconf 90' lang='lat' dir='ltr'>tempus</span> <span class='ocrx_word' id='word_1_15' title='bbox 1791 631 1946 704; x_wconf 91' lang='lat' dir='ltr'>quo</span> <span class='ocrx_word' id='word_1_16' title='bbox 1992 616 2352 680; x_wconf 84' lang='lat' dir='ltr'>cantatus</span> <span class='ocrx_word' id='word_1_17' title='bbox 2402 603 2638 678; x_wconf 87' lang='lat' dir='ltr'>fuerit</span> 
     </span>
     <span class='ocr_line' id='line_1_4' title="bbox 337 725 2634 828; baseline 0.001 -29"><span class='ocrx_word' id='word_1_18' title='bbox 337 750 386 799; x_wconf 92' lang='lat' dir='ltr'>a</span> <span class='ocrx_word' id='word_1_19' title='bbox 421 725 733 801; x_wconf 90' lang='lat' dir='ltr'>Davide</span> <span class='ocrx_word' id='word_1_20' title='bbox 783 737 922 800; x_wconf 89' lang='lat' dir='ltr'>aut</span> <span class='ocrx_word' id='word_1_21' title='bbox 971 728 1073 801; x_wconf 89' lang='lat' dir='ltr'>ab</span> <span class='ocrx_word' id='word_1_22' title='bbox 1112 727 1541 817; x_wconf 88' lang='lat' dir='ltr'>Hezechia,</span> <span class='ocrx_word' id='word_1_23' title='bbox 1580 740 1661 803; x_wconf 90' lang='lat' dir='ltr'>et</span> <span class='ocrx_word' id='word_1_24' title='bbox 1709 728 1864 803; x_wconf 90' lang='lat' dir='ltr'>alia</span> <span class='ocrx_word' id='word_1_25' title='bbox 1915 728 2163 828; x_wconf 90' lang='lat' dir='ltr'>plura,</span> <span class='ocrx_word' id='word_1_26' title='bbox 2200 727 2487 825; x_wconf 89' lang='lat' dir='ltr'>partim</span> <span class='ocrx_word' id='word_1_27' title='bbox 2534 753 2634 802; x_wconf 86' lang='lat' dir='ltr'>ex</span> 
     </span>
     <span class='ocr_line' id='line_1_5' title="bbox 334 847 2634 949; baseline 0 -29"><span class='ocrx_word' id='word_1_28' title='bbox 334 847 650 946; x_wconf 89' lang='lat' dir='ltr'>scriptis</span> <span class='ocrx_word' id='word_1_29' title='bbox 685 847 875 923; x_wconf 92' lang='lat' dir='ltr'>Divi</span> <span class='ocrx_word' id='word_1_30' title='bbox 912 847 1380 949; x_wconf 82' lang='lat' dir='ltr'>Hieronymi</span> <span class='ocrx_word' id='word_1_31' title='bbox 1419 850 1800 936; x_wconf 89' lang='lat' dir='ltr'>desumta,</span> <span class='ocrx_word' id='word_1_32' title='bbox 1838 850 2149 948; x_wconf 89' lang='lat' dir='ltr'>partim,</span> <span class='ocrx_word' id='word_1_33' title='bbox 2185 860 2273 921; x_wconf 91' lang='lat' dir='ltr'>ut</span> <span class='ocrx_word' id='word_1_34' title='bbox 2305 848 2634 935; x_wconf 88' lang='lat' dir='ltr'>videtur,</span> 
     </span>
     <span class='ocr_line' id='line_1_6' title="bbox 332 972 2634 1074; baseline 0.001 -30"><span class='ocrx_word' id='word_1_35' title='bbox 332 972 581 1070; x_wconf 92' lang='lat' dir='ltr'>ipsius</span> <span class='ocrx_word' id='word_1_36' title='bbox 623 974 1072 1074; x_wconf 83' lang='lat' dir='ltr'>interpretis</span> <span class='ocrx_word' id='word_1_37' title='bbox 1116 974 1434 1072; x_wconf 90' lang='lat' dir='ltr'>ingenio</span> <span class='ocrx_word' id='word_1_38' title='bbox 1479 975 1947 1072; x_wconf 88' lang='lat' dir='ltr'>excogitata.</span> <span class='ocrx_word' id='word_1_39' title='bbox 2051 972 2425 1048; x_wconf 89' lang='lat' dir='ltr'>Codicem</span> <span class='ocrx_word' id='word_1_40' title='bbox 2479 998 2634 1048; x_wconf 92' lang='lat' dir='ltr'>non</span> 
     </span>
     <span class='ocr_line' id='line_1_7' title="bbox 333 1098 2635 1198; baseline -0 -25"><span class='ocrx_word' id='word_1_41' title='bbox 333 1122 504 1173; x_wconf 86' lang='lat' dir='ltr'>esse</span> <span class='ocrx_word' id='word_1_42' title='bbox 556 1099 818 1174; x_wconf 87' lang='lat' dir='ltr'>seculo</span> <span class='ocrx_word' id='word_1_43' title='bbox 863 1100 1285 1175; x_wconf 89' lang='lat' dir='ltr'>undecimo</span> <span class='ocrx_word' id='word_1_44' title='bbox 1330 1100 1833 1176; x_wconf 89' lang='lat' dir='ltr'>vetustiorem</span> <span class='ocrx_word' id='word_1_45' title='bbox 1875 1100 2000 1175; x_wconf 92' lang='lat' dir='ltr'>vel</span> <span class='ocrx_word' id='word_1_46' title='bbox 2046 1125 2146 1174; x_wconf 88' lang='lat' dir='ltr'>ex</span> <span class='ocrx_word' id='word_1_47' title='bbox 2196 1098 2343 1173; x_wconf 91' lang='lat' dir='ltr'>hoc</span> <span class='ocrx_word' id='word_1_48' title='bbox 2394 1109 2635 1198; x_wconf 85' lang='lat' dir='ltr'>patet,</span> 
     </span>
     <span class='ocr_line' id='line_1_8' title="bbox 331 1224 2635 1321; baseline 0 -24"><span class='ocrx_word' id='word_1_49' title='bbox 331 1225 542 1321; x_wconf 92' lang='lat' dir='ltr'>quod</span> <span class='ocrx_word' id='word_1_50' title='bbox 619 1224 823 1299; x_wconf 90' lang='lat' dir='ltr'>inter</span> <span class='ocrx_word' id='word_1_51' title='bbox 888 1226 1210 1301; x_wconf 91' lang='lat' dir='ltr'>nomina</span> <span class='ocrx_word' id='word_1_52' title='bbox 1277 1224 1749 1301; x_wconf 87' lang='lat' dir='ltr'>Sanctorum</span> <span class='ocrx_word' id='word_1_53' title='bbox 1827 1226 2387 1311; x_wconf 76' lang='lat' dir='ltr'>invocaturum,</span> <span class='ocrx_word' id='word_1_54' title='bbox 2459 1249 2635 1321; x_wconf 88' lang='lat' dir='ltr'>quae</span> 
     </span>
     <span class='ocr_line' id='line_1_9' title="bbox 331 1347 2637 1450; baseline 0 -28"><span class='ocrx_word' id='word_1_55' title='bbox 331 1347 681 1422; x_wconf 86' lang='lat' dir='ltr'>formulae</span> <span class='ocrx_word' id='word_1_56' title='bbox 734 1349 989 1450; x_wconf 90' lang='lat' dir='ltr'>Kyrie</span> <span class='ocrx_word' id='word_1_57' title='bbox 1046 1350 1335 1425; x_wconf 89' lang='lat' dir='ltr'>eleison</span> <span class='ocrx_word' id='word_1_58' title='bbox 1362 1413 1364 1419; x_wconf 74' lang='grc'>,</span> <span class='ocrx_word' id='word_1_59' title='bbox 1388 1350 1472 1424; x_wconf 91' lang='lat' dir='ltr'>in</span> <span class='ocrx_word' id='word_1_60' title='bbox 1523 1351 1686 1426; x_wconf 92' lang='lat' dir='ltr'>fine</span> <span class='ocrx_word' id='word_1_61' title='bbox 1734 1348 2156 1426; x_wconf 89' lang='lat' dir='ltr'>voluminis</span> <span class='ocrx_word' id='word_1_62' title='bbox 2215 1347 2637 1448; x_wconf 88' lang='lat' dir='ltr'>subjuncta</span> 
     </span>
     <span class='ocr_line' id='line_1_10' title="bbox 331 1471 2636 1573; baseline 0 -28"><span class='ocrx_word' id='word_1_63' title='bbox 331 1483 533 1559; x_wconf 91' lang='lat' dir='ltr'>sunt,</span> <span class='ocrx_word' id='word_1_64' title='bbox 584 1497 869 1547; x_wconf 91' lang='lat' dir='ltr'>nomen</span> <span class='ocrx_word' id='word_1_65' title='bbox 921 1472 1366 1547; x_wconf 81' lang='lat' dir='ltr'>invenimus</span> <span class='ocrx_word' id='word_1_66' title='bbox 1401 1473 1802 1548; x_wconf 88' lang='lat' dir='ltr'>Dunstani</span> <span class='ocrx_word' id='word_1_67' title='bbox 1826 1471 1883 1562; x_wconf 75' lang='lat' dir='ltr'>h,</span> <span class='ocrx_word' id='word_1_68' title='bbox 1921 1473 2145 1573; x_wconf 88' lang='lat' dir='ltr'>cujus</span> <span class='ocrx_word' id='word_1_69' title='bbox 2196 1496 2402 1546; x_wconf 90' lang='lat' dir='ltr'>mors</span> <span class='ocrx_word' id='word_1_70' title='bbox 2451 1483 2636 1546; x_wconf 88' lang='lat' dir='ltr'>ante</span> 
     </span>
     <span class='ocr_line' id='line_1_11' title="bbox 333 1597 2633 1686; baseline -0 -14"><span class='ocrx_word' id='word_1_71' title='bbox 333 1622 626 1672; x_wconf 89' lang='lat' dir='ltr'>annum</span> <span class='ocrx_word' id='word_1_72' title='bbox 667 1623 1318 1674; x_wconf 68' lang='lat' dir='ltr'>Decccmcxxvm.</span> <span class='ocrx_word' id='word_1_73' title='bbox 1357 1625 1512 1675; x_wconf 91' lang='lat' dir='ltr'>non</span> <span class='ocrx_word' id='word_1_74' title='bbox 1552 1598 1837 1674; x_wconf 91' lang='lat' dir='ltr'>evenit.</span> <span class='ocrx_word' id='word_1_75' title='bbox 1929 1597 2232 1686; x_wconf 13' lang='lat' dir='ltr'>*Nescio</span> <span class='ocrx_word' id='word_1_76' title='bbox 2268 1623 2368 1671; x_wconf 91' lang='lat' dir='ltr'>an</span> <span class='ocrx_word' id='word_1_77' title='bbox 2406 1597 2633 1671; x_wconf 91' lang='lat' dir='ltr'>Dun-</span> 
     </span>
     <span class='ocr_line' id='line_1_12' title="bbox 330 1722 2634 1821; baseline 0.001 -26"><span class='ocrx_word' id='word_1_78' title='bbox 330 1732 599 1796; x_wconf 88' lang='lat' dir='ltr'>stanus</span> <span class='ocrx_word' id='word_1_79' title='bbox 632 1748 986 1821; x_wconf 90' lang='lat' dir='ltr'>unquam</span> <span class='ocrx_word' id='word_1_80' title='bbox 1021 1723 1227 1798; x_wconf 90' lang='lat' dir='ltr'>inter</span> <span class='ocrx_word' id='word_1_81' title='bbox 1262 1723 1594 1800; x_wconf 87' lang='lat' dir='ltr'>Sanctos</span> <span class='ocrx_word' id='word_1_82' title='bbox 1646 1725 1791 1800; x_wconf 91' lang='lat' dir='ltr'>rite</span> <span class='ocrx_word' id='word_1_83' title='bbox 1843 1725 2133 1799; x_wconf 86' lang='lat' dir='ltr'>relatus</span> <span class='ocrx_word' id='word_1_84' title='bbox 2185 1723 2441 1810; x_wconf 88' lang='lat' dir='ltr'>fuerit,</span> <span class='ocrx_word' id='word_1_85' title='bbox 2495 1722 2634 1797; x_wconf 91' lang='lat' dir='ltr'>sed</span> 
     </span>
     <span class='ocr_line' id='line_1_13' title="bbox 331 1844 2633 1945; baseline 0 -27"><span class='ocrx_word' id='word_1_86' title='bbox 331 1857 660 1944; x_wconf 90' lang='lat' dir='ltr'>apparet</span> <span class='ocrx_word' id='word_1_87' title='bbox 706 1870 886 1919; x_wconf 89' lang='lat' dir='ltr'>eum</span> <span class='ocrx_word' id='word_1_88' title='bbox 925 1845 1234 1921; x_wconf 90' lang='lat' dir='ltr'>Canuto</span> <span class='ocrx_word' id='word_1_89' title='bbox 1277 1846 1514 1921; x_wconf 87' lang='lat' dir='ltr'>etiam</span> <span class='ocrx_word' id='word_1_90' title='bbox 1561 1859 1940 1945; x_wconf 83' lang='lat' dir='ltr'>regnante</span> <span class='ocrx_word' id='word_1_91' title='bbox 1976 1846 2359 1921; x_wconf 86' lang='lat' dir='ltr'>Sanctum</span> <span class='ocrx_word' id='word_1_92' title='bbox 2413 1844 2633 1920; x_wconf 88' lang='lat' dir='ltr'>habi-</span> 
     </span>
     <span class='ocr_line' id='line_1_14' title="bbox 328 1968 828 2044; baseline 0.004 -2"><span class='ocrx_word' id='word_1_93' title='bbox 328 1979 499 2043; x_wconf 93' lang='lat' dir='ltr'>tum</span> <span class='ocrx_word' id='word_1_94' title='bbox 533 1968 828 2044; x_wconf 69' lang='lat' dir='ltr'>fuissei.</span> 
     </span>
    </p>

    <p class='ocr_par' dir='ltr' id='par_1_3' title="bbox 315 2093 2636 3681">
     <span class='ocr_line' id='line_1_15' title="bbox 441 2093 2636 2199; baseline 0.002 -32"><span class='ocrx_word' id='word_1_95' title='bbox 441 2094 539 2167; x_wconf 91' lang='lat' dir='ltr'>In</span> <span class='ocrx_word' id='word_1_96' title='bbox 592 2093 742 2170; x_wconf 89' lang='lat' dir='ltr'>hac</span> <span class='ocrx_word' id='word_1_97' title='bbox 794 2096 1170 2184; x_wconf 86' lang='lat' dir='ltr'>versione,</span> <span class='ocrx_word' id='word_1_98' title='bbox 1226 2097 1451 2197; x_wconf 89' lang='lat' dir='ltr'>cujus</span> <span class='ocrx_word' id='word_1_99' title='bbox 1501 2122 1755 2199; x_wconf 87' lang='lat' dir='ltr'>sermo</span> <span class='ocrx_word' id='word_1_100' title='bbox 1807 2099 2275 2198; x_wconf 85' lang='lat' dir='ltr'>plerumque</span> <span class='ocrx_word' id='word_1_101' title='bbox 2328 2096 2636 2172; x_wconf 87' lang='lat' dir='ltr'>mendis</span> 
     </span>
     <span class='ocr_line' id='line_1_16' title="bbox 328 2218 2633 2319; baseline 0.001 -27"><span class='ocrx_word' id='word_1_102' title='bbox 328 2229 580 2306; x_wconf 88' lang='lat' dir='ltr'>vacat,</span> <span class='ocrx_word' id='word_1_103' title='bbox 618 2219 980 2317; x_wconf 89' lang='lat' dir='ltr'>quaedam</span> <span class='ocrx_word' id='word_1_104' title='bbox 1026 2230 1292 2294; x_wconf 89' lang='lat' dir='ltr'>tamen</span> <span class='ocrx_word' id='word_1_105' title='bbox 1346 2231 1529 2294; x_wconf 91' lang='lat' dir='ltr'>sunt</span> <span class='ocrx_word' id='word_1_106' title='bbox 1575 2246 1750 2319; x_wconf 88' lang='lat' dir='ltr'>quae</span> <span class='ocrx_word' id='word_1_107' title='bbox 1800 2246 1980 2296; x_wconf 90' lang='lat' dir='ltr'>cum</span> <span class='ocrx_word' id='word_1_108' title='bbox 2030 2219 2324 2294; x_wconf 90' lang='lat' dir='ltr'>normis</span> <span class='ocrx_word' id='word_1_109' title='bbox 2358 2218 2633 2295; x_wconf 91' lang='lat' dir='ltr'>inflec-</span> 
     </span>
     <span class='ocr_line' id='line_1_17' title="bbox 328 2339 2632 2441; baseline 0.002 -28"><span class='ocrx_word' id='word_1_110' title='bbox 328 2339 560 2415; x_wconf 91' lang='lat' dir='ltr'>tionis</span> <span class='ocrx_word' id='word_1_111' title='bbox 595 2340 1009 2417; x_wconf 85' lang='lat' dir='ltr'>Saxonicae</span> <span class='ocrx_word' id='word_1_112' title='bbox 1054 2342 1363 2416; x_wconf 87' lang='lat' dir='ltr'>usitatis</span> <span class='ocrx_word' id='word_1_113' title='bbox 1409 2366 1688 2441; x_wconf 87' lang='lat' dir='ltr'>parum</span> <span class='ocrx_word' id='word_1_114' title='bbox 1725 2343 2240 2433; x_wconf 74' lang='lat' dir='ltr'>conveniant3</span> <span class='ocrx_word' id='word_1_115' title='bbox 2296 2343 2436 2418; x_wconf 91' lang='lat' dir='ltr'>sed</span> <span class='ocrx_word' id='word_1_116' title='bbox 2470 2354 2632 2419; x_wconf 90' lang='lat' dir='ltr'>tam</span> 
     </span>
     <span class='ocr_line' id='line_1_18' title="bbox 328 2465 2632 2555; baseline 0.002 -18"><span class='ocrx_word' id='word_1_117' title='bbox 328 2466 681 2540; x_wconf 90' lang='lat' dir='ltr'>consulto</span> <span class='ocrx_word' id='word_1_118' title='bbox 740 2466 951 2541; x_wconf 89' lang='lat' dir='ltr'>dicta</span> <span class='ocrx_word' id='word_1_119' title='bbox 1019 2465 1262 2541; x_wconf 86' lang='lat' dir='ltr'>fuisse</span> <span class='ocrx_word' id='word_1_120' title='bbox 1332 2465 1499 2541; x_wconf 89' lang='lat' dir='ltr'>haec</span> <span class='ocrx_word' id='word_1_121' title='bbox 1562 2466 1952 2555; x_wconf 90' lang='lat' dir='ltr'>videntur,</span> <span class='ocrx_word' id='word_1_122' title='bbox 2009 2478 2096 2541; x_wconf 90' lang='lat' dir='ltr'>ut</span> <span class='ocrx_word' id='word_1_123' title='bbox 2164 2466 2632 2541; x_wconf 82' lang='lat' dir='ltr'>barbarismi</span> 
     </span>
     <span class='ocr_line' id='line_1_19' title="bbox 315 2586 2634 2690; baseline 0.002 -30"><span class='ocrx_word' id='word_1_124' title='bbox 315 2586 496 2687; x_wconf 87' lang='lat' dir='ltr'>jure</span> <span class='ocrx_word' id='word_1_125' title='bbox 564 2589 864 2665; x_wconf 87' lang='lat' dir='ltr'>censeri</span> <span class='ocrx_word' id='word_1_126' title='bbox 925 2600 1344 2688; x_wconf 89' lang='lat' dir='ltr'>nequeant.</span> <span class='ocrx_word' id='word_1_127' title='bbox 1449 2588 1777 2665; x_wconf 86' lang='lat' dir='ltr'>Errores</span> <span class='ocrx_word' id='word_1_128' title='bbox 1836 2615 2032 2688; x_wconf 89' lang='lat' dir='ltr'>quos</span> <span class='ocrx_word' id='word_1_129' title='bbox 2093 2600 2452 2690; x_wconf 90' lang='lat' dir='ltr'>apertum</span> <span class='ocrx_word' id='word_1_130' title='bbox 2515 2602 2634 2665; x_wconf 90' lang='lat' dir='ltr'>est</span> 
     </span>
     <span class='ocr_line' id='line_1_20' title="bbox 329 2713 2630 2812; baseline 0.001 -26"><span class='ocrx_word' id='word_1_131' title='bbox 329 2738 429 2787; x_wconf 89' lang='lat' dir='ltr'>ex</span> <span class='ocrx_word' id='word_1_132' title='bbox 465 2715 769 2788; x_wconf 89' lang='lat' dir='ltr'>incuria</span> <span class='ocrx_word' id='word_1_133' title='bbox 817 2713 1116 2787; x_wconf 90' lang='lat' dir='ltr'>librarii</span> <span class='ocrx_word' id='word_1_134' title='bbox 1152 2714 1604 2812; x_wconf 85' lang='lat' dir='ltr'>provenisse</span> <span class='ocrx_word' id='word_1_135' title='bbox 1641 2714 2024 2811; x_wconf 87' lang='lat' dir='ltr'>corrigere</span> <span class='ocrx_word' id='word_1_136' title='bbox 2059 2737 2217 2787; x_wconf 90' lang='lat' dir='ltr'>non</span> <span class='ocrx_word' id='word_1_137' title='bbox 2254 2713 2630 2802; x_wconf 88' lang='lat' dir='ltr'>dubitavi,</span> 
     </span>
     <span class='ocr_line' id='line_1_21' title="bbox 326 2837 2631 2936; baseline -0.001 -23"><span class='ocrx_word' id='word_1_138' title='bbox 326 2862 597 2913; x_wconf 91' lang='lat' dir='ltr'>omnes</span> <span class='ocrx_word' id='word_1_139' title='bbox 629 2839 839 2913; x_wconf 89' lang='lat' dir='ltr'>locos</span> <span class='ocrx_word' id='word_1_140' title='bbox 875 2837 975 2910; x_wconf 89' lang='lat' dir='ltr'>ad</span> <span class='ocrx_word' id='word_1_141' title='bbox 1012 2837 1252 2911; x_wconf 88' lang='lat' dir='ltr'>finem</span> <span class='ocrx_word' id='word_1_142' title='bbox 1280 2838 1698 2912; x_wconf 91' lang='lat' dir='ltr'>voluminis</span> <span class='ocrx_word' id='word_1_143' title='bbox 1733 2850 2013 2913; x_wconf 91' lang='lat' dir='ltr'>notans</span> <span class='ocrx_word' id='word_1_144' title='bbox 2047 2838 2335 2936; x_wconf 90' lang='lat' dir='ltr'>quibus</span> <span class='ocrx_word' id='word_1_145' title='bbox 2368 2862 2631 2912; x_wconf 91' lang='lat' dir='ltr'>emen-</span> 
     </span>
     <span class='ocr_line' id='line_1_22' title="bbox 327 2959 2633 3060; baseline 0 -25"><span class='ocrx_word' id='word_1_146' title='bbox 327 2961 610 3037; x_wconf 90' lang='lat' dir='ltr'>dandis</span> <span class='ocrx_word' id='word_1_147' title='bbox 661 2985 980 3060; x_wconf 89' lang='lat' dir='ltr'>operam</span> <span class='ocrx_word' id='word_1_148' title='bbox 1032 2959 1337 3034; x_wconf 90' lang='lat' dir='ltr'>navavi.</span> <span class='ocrx_word' id='word_1_149' title='bbox 1439 2959 1919 3059; x_wconf 83' lang='lat' dir='ltr'>Ubicunque</span> <span class='ocrx_word' id='word_1_150' title='bbox 1973 2972 2236 3034; x_wconf 88' lang='lat' dir='ltr'>autem</span> <span class='ocrx_word' id='word_1_151' title='bbox 2279 2959 2633 3035; x_wconf 85' lang='lat' dir='ltr'>defectus</span> 
     </span>
     <span class='ocr_line' id='line_1_23' title="bbox 328 3085 2628 3174; baseline -0.001 -13"><span class='ocrx_word' id='word_1_152' title='bbox 328 3086 855 3162; x_wconf 86' lang='lat' dir='ltr'>consonantiae</span> <span class='ocrx_word' id='word_1_153' title='bbox 903 3085 1346 3172; x_wconf 90' lang='lat' dir='ltr'>initialium,</span> <span class='ocrx_word' id='word_1_154' title='bbox 1384 3085 1547 3162; x_wconf 90' lang='lat' dir='ltr'>sive</span> <span class='ocrx_word' id='word_1_155' title='bbox 1597 3086 2161 3173; x_wconf 88' lang='lat' dir='ltr'>alliterationis‚</span> <span class='ocrx_word' id='word_1_156' title='bbox 2197 3097 2286 3159; x_wconf 92' lang='lat' dir='ltr'>ut</span> <span class='ocrx_word' id='word_1_157' title='bbox 2318 3085 2628 3174; x_wconf 90' lang='lat' dir='ltr'>dicitur,</span> 
     </span>
     <span class='ocr_line' id='line_1_24' title="bbox 325 3210 2628 3310; baseline 0 -24"><span class='ocrx_word' id='word_1_158' title='bbox 325 3212 941 3310; x_wconf 89' lang='lat' dir='ltr'>occurrit‚-—quo</span> <span class='ocrx_word' id='word_1_159' title='bbox 966 3211 1156 3286; x_wconf 90' lang='lat' dir='ltr'>vitio</span> <span class='ocrx_word' id='word_1_160' title='bbox 1191 3212 1388 3286; x_wconf 90' lang='lat' dir='ltr'>nihil</span> <span class='ocrx_word' id='word_1_161' title='bbox 1423 3212 1711 3287; x_wconf 89' lang='lat' dir='ltr'>certius</span> <span class='ocrx_word' id='word_1_162' title='bbox 1744 3212 2043 3287; x_wconf 89' lang='lat' dir='ltr'>indicat</span> <span class='ocrx_word' id='word_1_163' title='bbox 2078 3236 2347 3287; x_wconf 91' lang='lat' dir='ltr'>versus</span> <span class='ocrx_word' id='word_1_164' title='bbox 2380 3210 2628 3287; x_wconf 86' lang='lat' dir='ltr'>Saxo-</span> 
     </span>
     <span class='ocr_line' id='line_1_25' title="bbox 327 3335 2626 3435; baseline 0.001 -27"><span class='ocrx_word' id='word_1_165' title='bbox 327 3335 545 3409; x_wconf 89' lang='lat' dir='ltr'>nicos</span> <span class='ocrx_word' id='word_1_166' title='bbox 579 3346 982 3435; x_wconf 89' lang='lat' dir='ltr'>corruptos</span> <span class='ocrx_word' id='word_1_167' title='bbox 1015 3336 1574 3423; x_wconf 87' lang='lat' dir='ltr'>esse,—-labore</span> <span class='ocrx_word' id='word_1_168' title='bbox 1608 3336 1999 3424; x_wconf 91' lang='lat' dir='ltr'>medendi,</span> <span class='ocrx_word' id='word_1_169' title='bbox 2035 3347 2308 3435; x_wconf 90' lang='lat' dir='ltr'>utpote</span> <span class='ocrx_word' id='word_1_170' title='bbox 2343 3337 2626 3425; x_wconf 91' lang='lat' dir='ltr'>inutili,</span> 
     </span>
     <span class='ocr_line' id='line_1_26' title="bbox 327 3458 2627 3559; baseline 0.002 -28"><span class='ocrx_word' id='word_1_171' title='bbox 327 3458 996 3557; x_wconf 89' lang='lat' dir='ltr'>supersedendum</span> <span class='ocrx_word' id='word_1_172' title='bbox 1023 3482 1192 3532; x_wconf 90' lang='lat' dir='ltr'>esse</span> <span class='ocrx_word' id='word_1_173' title='bbox 1219 3458 1432 3532; x_wconf 90' lang='lat' dir='ltr'>duxi.</span> <span class='ocrx_word' id='word_1_174' title='bbox 1484 3458 1643 3532; x_wconf 88' lang='lat' dir='ltr'>Hic</span> <span class='ocrx_word' id='word_1_175' title='bbox 1671 3458 2037 3533; x_wconf 90' lang='lat' dir='ltr'>miniator</span> <span class='ocrx_word' id='word_1_176' title='bbox 2056 3460 2363 3559; x_wconf 85' lang='lat' dir='ltr'>turpius</span> <span class='ocrx_word' id='word_1_177' title='bbox 2390 3460 2627 3535; x_wconf 89' lang='lat' dir='ltr'>etiam</span> 
     </span>
     <span class='ocr_line' id='line_1_27' title="bbox 331 3579 1392 3681; baseline -0.001 -27"><span class='ocrx_word' id='word_1_178' title='bbox 331 3605 572 3679; x_wconf 90' lang='lat' dir='ltr'>quam</span> <span class='ocrx_word' id='word_1_179' title='bbox 605 3580 971 3655; x_wconf 90' lang='lat' dir='ltr'>librarius</span> <span class='ocrx_word' id='word_1_180' title='bbox 1005 3579 1392 3681; x_wconf 89' lang='lat' dir='ltr'>peccavit.</span> 
     </span>
    </p>

    <p class='ocr_par' dir='ltr' id='par_1_4' title="bbox 328 3693 2629 4177">
     <span class='ocr_line' id='line_1_28' title="bbox 426 3693 2626 3801; baseline 0.001 -23"><span class='ocrx_word' id='word_1_181' title='bbox 426 3704 880 3779; x_wconf 89' lang='lat' dir='ltr'>Academiae</span> <span class='ocrx_word' id='word_1_182' title='bbox 917 3702 1353 3778; x_wconf 88' lang='lat' dir='ltr'>Oxoniensi</span> <span class='ocrx_word' id='word_1_183' title='bbox 1401 3729 1576 3801; x_wconf 88' lang='lat' dir='ltr'>quae</span> <span class='ocrx_word' id='word_1_184' title='bbox 1626 3693 2014 3778; x_wconf 87' lang='lat' dir='ltr'>diuturnae</span> <span class='ocrx_word' id='word_1_185' title='bbox 2062 3704 2433 3780; x_wconf 83' lang='lat' dir='ltr'>oblivioni</span> <span class='ocrx_word' id='word_1_186' title='bbox 2481 3707 2626 3781; x_wconf 93' lang='lat' dir='ltr'>eri-</span> 
     </span>
     <span class='ocr_line' id='line_1_29' title="bbox 328 3826 2625 3926; baseline 0.001 -25"><span class='ocrx_word' id='word_1_187' title='bbox 328 3828 589 3926; x_wconf 90' lang='lat' dir='ltr'>puerit</span> <span class='ocrx_word' id='word_1_188' title='bbox 637 3826 843 3902; x_wconf 89' lang='lat' dir='ltr'>hanc</span> <span class='ocrx_word' id='word_1_189' title='bbox 897 3851 1141 3926; x_wconf 93' lang='lat' dir='ltr'>prope</span> <span class='ocrx_word' id='word_1_190' title='bbox 1192 3827 1577 3924; x_wconf 89' lang='lat' dir='ltr'>integram</span> <span class='ocrx_word' id='word_1_191' title='bbox 1627 3826 2121 3904; x_wconf 85' lang='lat' dir='ltr'>Psalmorum</span> <span class='ocrx_word' id='word_1_192' title='bbox 2168 3828 2625 3918; x_wconf 90' lang='lat' dir='ltr'>versionem,</span> 
     </span>
     <span class='ocr_line' id='line_1_30' title="bbox 328 3933 2627 4052; baseline 0 -25"><span class='ocrx_word' id='word_1_193' title='bbox 328 3963 754 4052; x_wconf 89' lang='lat' dir='ltr'>earumque</span> <span class='ocrx_word' id='word_1_194' title='bbox 781 3976 979 4052; x_wconf 89' lang='lat' dir='ltr'>quas</span> <span class='ocrx_word' id='word_1_195' title='bbox 1004 3952 1409 4051; x_wconf 88' lang='lat' dir='ltr'>praebeant</span> <span class='ocrx_word' id='word_1_196' title='bbox 1443 3933 1838 4027; x_wconf 85' lang='lat' dir='ltr'>sermones</span> <span class='ocrx_word' id='word_1_197' title='bbox 1865 3952 2206 4051; x_wconf 86' lang='lat' dir='ltr'>Europae</span> <span class='ocrx_word' id='word_1_198' title='bbox 2234 3951 2627 4029; x_wconf 88' lang='lat' dir='ltr'>hodiernae</span> 
     </span>
     <span class='ocr_line' id='line_1_31' title="bbox 329 4077 2629 4177; baseline 0.001 -26"><span class='ocrx_word' id='word_1_199' title='bbox 329 4078 977 4177; x_wconf 89' lang='lat' dir='ltr'>antiquissimam,</span> <span class='ocrx_word' id='word_1_200' title='bbox 1029 4078 1379 4156; x_wconf 89' lang='lat' dir='ltr'>omnium</span> <span class='ocrx_word' id='word_1_201' title='bbox 1430 4077 1592 4175; x_wconf 89' lang='lat' dir='ltr'>qui,</span> <span class='ocrx_word' id='word_1_202' title='bbox 1629 4077 1755 4152; x_wconf 94' lang='lat' dir='ltr'>vel</span> <span class='ocrx_word' id='word_1_203' title='bbox 1805 4078 2011 4151; x_wconf 91' lang='lat' dir='ltr'>inter</span> <span class='ocrx_word' id='word_1_204' title='bbox 2060 4101 2202 4151; x_wconf 91' lang='lat' dir='ltr'>nos</span> <span class='ocrx_word' id='word_1_205' title='bbox 2250 4078 2375 4152; x_wconf 94' lang='lat' dir='ltr'>vel</span> <span class='ocrx_word' id='word_1_206' title='bbox 2425 4078 2629 4153; x_wconf 85' lang='lat' dir='ltr'>inter</span> 
     </span>
    </p>
   </div>
   <div class='ocr_carea' id='block_1_3' title="bbox 408 4327 2374 4408">
    <p class='ocr_par' dir='ltr' id='par_1_5' title="bbox 408 4327 2374 4408">
     <span class='ocr_line' id='line_1_32' title="bbox 408 4327 2374 4408; baseline -0.003 -19"><span class='ocrx_word' id='word_1_207' title='bbox 408 4330 443 4374; x_wconf 60' lang='grc' dir='ltr'><strong><em>Β</em></strong></span> <span class='ocrx_word' id='word_1_208' title='bbox 487 4332 541 4389; x_wconf 89' lang='grc' dir='ltr'><strong>Ε</strong></span> <span class='ocrx_word' id='word_1_209' title='bbox 571 4352 747 4389; x_wconf 88' lang='lat' dir='ltr'>manu</span> <span class='ocrx_word' id='word_1_210' title='bbox 769 4331 1056 4408; x_wconf 79' lang='lat' dir='ltr'>judicanS,</span> <span class='ocrx_word' id='word_1_211' title='bbox 1089 4330 1363 4388; x_wconf 89' lang='lat' dir='ltr'>Codicem</span> <span class='ocrx_word' id='word_1_212' title='bbox 1392 4330 1573 4389; x_wconf 87' lang='lat' dir='ltr'>seculi</span> <span class='ocrx_word' id='word_1_213' title='bbox 1602 4328 1929 4387; x_wconf 89' lang='lat' dir='ltr'>duodecimi</span> <span class='ocrx_word' id='word_1_214' title='bbox 1958 4348 2082 4387; x_wconf 84' lang='lat' dir='ltr'>esse</span> <span class='ocrx_word' id='word_1_215' title='bbox 2110 4327 2374 4385; x_wconf 85' lang='lat' dir='ltr'>dixerim.</span> 
     </span>
    </p>
   </div>
   <div class='ocr_carea' id='block_1_4' title="bbox 404 4422 2569 4505">
    <p class='ocr_par' dir='ltr' id='par_1_6' title="bbox 404 4422 2569 4505">
     <span class='ocr_line' id='line_1_33' title="bbox 404 4422 2569 4505; baseline -0.002 -18"><span class='ocrx_word' id='word_1_216' title='bbox 404 4427 422 4470; x_wconf 84' lang='lat' dir='ltr'>i</span> <span class='ocrx_word' id='word_1_217' title='bbox 469 4430 560 4487; x_wconf 88' lang='lat' dir='ltr'>Cf.</span> <span class='ocrx_word' id='word_1_218' title='bbox 590 4428 778 4505; x_wconf 87' lang='lat' dir='ltr'>Leges</span> <span class='ocrx_word' id='word_1_219' title='bbox 806 4428 1041 4495; x_wconf 87' lang='lat' dir='ltr'>Canuti,</span> <span class='ocrx_word' id='word_1_220' title='bbox 1070 4427 1266 4487; x_wconf 86' lang='lat' dir='ltr'><strong>XVII.</strong></span> <span class='ocrx_word' id='word_1_221' title='bbox 1309 4426 1451 4487; x_wconf 81' lang='lat' dir='ltr'>edit.</span> <span class='ocrx_word' id='word_1_222' title='bbox 1475 4426 1757 4494; x_wconf 85' lang='lat' dir='ltr'>Wilkins,</span> <span class='ocrx_word' id='word_1_223' title='bbox 1785 4447 1844 4505; x_wconf 90' lang='lat' dir='ltr'>p.</span> <span class='ocrx_word' id='word_1_224' title='bbox 1870 4426 2003 4485; x_wconf 89' lang='grc'><strong>131.</strong></span> <span class='ocrx_word' id='word_1_225' title='bbox 2069 4425 2327 4496; x_wconf 83' lang='lat' dir='ltr'>Schmid,</span> <span class='ocrx_word' id='word_1_226' title='bbox 2347 4431 2414 4503; x_wconf 82' lang='lat' dir='ltr'>‘p.</span> <span class='ocrx_word' id='word_1_227' title='bbox 2436 4422 2569 4483; x_wconf 85' lang='lat'>145.</span> 
     </span>
    </p>
   </div>
  </div>
 </body>
</html>
