3254 5326
633 322 776 394 174

1600 314 1964 387 LIBER

629 503 975 573 fratribus
1009 503 1212 587 meis,
1244 512 1318 573 et
1350 503 1608 593 hospes
1652 503 1734 572 fi·
1834 504 1976 572 and
2014 503 2080 572 ic
2112 503 2302 572 fram
2334 507 2420 598 pe
2455 504 2720 589 wear&

631 619 749 689 liis
783 619 1035 690 matris
1070 642 1270 689 meae.

736 973 803 1045 9.
853 967 1213 1049 Quoniam
1249 968 1446 1036 zelus
1481 967 1736 1034 domus

636 1092 784 1153 tuae
821 1085 1126 1153 comedit
1165 1106 1300 1165 me,
1352 1091 1425 1152 et
1483 1104 1740 1171 oppro-

634 1199 796 1270 bria
828 1198 1414 1290 exprobrantium
1449 1196 1584 1268 tibi
1632 1220 1741 1266 ee-

637 1314 963 1386 ciderunt
997 1327 1212 1405 super
1244 1336 1378 1382 me.

743 1666 861 1732 10.
914 1659 1018 1730 Et
1052 1660 1301 1751 operui
1345 1660 1424 1730 in
1459 1659 1742 1752 jejunio

644 1778 957 1848 animam
1024 1799 1285 1877 meam,
1339 1785 1412 1846 et
1470 1777 1743 1846 factum

642 1903 752 1964 est
783 1894 965 1964 mihi
999 1893 1077 1963 in
1112 1893 1595 1985 opprobrium.

718 2131 833 2196 11.
871 2126 975 2196 Et
1006 2126 1215 2216 posui
1240 2124 1745 2195 vestimentum

647 2266 887 2314 meum
942 2243 1276 2324 cilicium,
1352 2249 1425 2310 et
1511 2241 1745 2310 factus

646 2382 809 2468 sum
844 2359 987 2429 illis
1023 2359 1100 2429 in
1133 2359 1566 2450 parabolam.

748 2832 866 2896 12.
919 2826 1325 2897 Adversum
1377 2849 1492 2895 me
1550 2849 1751 2896 exer-

643 2942 989 3013 cebantur
1054 2942 1181 3034 qui
1265 2943 1604 3012 sedebant
1671 2942 1749 3011 in

647 3069 900 3149 porta3
971 3067 1044 3128 et
1087 3059 1163 3128 in
1206 3082 1318 3128 me
1351 3059 1750 3151 psallebant

645 3176 775 3267 qui
808 3175 1147 3245 bibebant
1179 3174 1448 3263 vinum.

750 3527 790 3591 1
803 3528 868 3592 3.
922 3522 1086 3618 Ego
1136 3547 1302 3594 vero
1354 3524 1749 3595 orationem

650 3662 882 3708 meam
934 3640 1026 3708 ad
1071 3648 1164 3722 te,
1200 3639 1532 3724 Domine,
1570 3650 1750 3710 tem-

648 3779 784 3847 pus
846 3755 1294 3847 beneplaciti,
1355 3756 1591 3850 Deus:
1668 3758 1749 3827 in

649 3872 1111 3943 multitudine
1244 3873 1749 3944 misericordiae

651 3999 799 4060 tuae
850 3989 1110 4059 exaudi
1161 4011 1297 4072 me,
1332 3990 1409 4060 in
1452 3990 1750 4062 veritate

650 4105 901 4175 salutis
937 4115 1104 4175 tuae.

1833 618 2148 690 faederen
2182 617 2549 705 brubium,

1837 758 2009 805 waes
2040 758 2375 830 unmaege
2409 747 2576 831 gyst

1837 850 2407 922 moder-cildum.

1916 973 1983 1044 9.
2023 968 2308 1062 Forpon
2341 991 2456 1038 me
2489 969 2688 1063 Pines
2727 972 2939 1041 huses

1838 1084 2061 1152 heard
2096 1079 2476 1154 ellen-w6d

1840 1207 1938 1269 aet
1971 1207 2287 1282 ormaete,

1840 1317 1981 1385 and
2016 1339 2130 1384 me
2164 1338 2286 1384 eac
2319 1317 2461 1385 fela

1838 1429 2045 1524 pinra
2077 1431 2342 1501 edwita

1844 1541 1939 1616 611
1973 1547 2348 1642 gefeollon.

1923 1668 2038 1735 10.
2075 1664 2313 1750 Donne
2347 1666 2413 1735 ic
2446 1665 2724 1735 minum
2750 1665 2945 1734 feore

1840 1780 2097 1851 faesten
2130 1791 2421 1875 gesette,

1844 1899 1978 1965 eall
2012 1897 2093 1965 hi
2126 1920 2239 1966 me
2273 1901 2419 1993 Paet
2452 1920 2544 1966 on
2581 1896 2799 1967 edwit

1845 2012 1947 2082 eft
1981 2014 2367 2104 oncyrdan.

1950 2133 2063 2198 11.
2119 2128 2252 2199 Gis
2277 2129 2344 2198 ic
2376 2129 2569 2199 mine
2601 2131 2925 2224 gewaeda

1847 2267 1940 2313 on
1975 2244 2408 2340 wite-hraegl

1847 2383 2049 2452 cyme
2084 2363 2322 2452 cyrde,

1847 2478 2164 2547 cwaedan
2198 2478 2278 2547 hi
2312 2481 2603 2573 syppan,

1844 2596 1990 2689 Paet
2023 2593 2090 2662 ic
2122 2593 2276 2663 him
2312 2589 2721 2688 wffifer-syn

1848 2734 2063 2781 waere
2097 2714 2378 2781 eallum.

1951 2833 2069 2897 12.
2124 2828 2249 2897 Me
2284 2826 2790 2899 wisserwearde

1851 2967 2119 3015 waeron
2152 2948 2350 3029 ealle,

1849 3063 1940 3154 pa
1972 3060 2125 3129 him
2160 3071 2389 3131 saeton

1852 3178 2122 3247 sundor
2154 3200 2247 3246 on
2280 3186 2593 3268 portum,

1852 3314 2173 3392 spraecon
2207 3316 2321 3363 me
2354 3291 2617 3376 wahe,

1850 3412 1940 3502 pa
1972 3411 2058 3502 pe
2092 3409 2240 3479 win
2274 3412 2615 3480 druncon.

1955 3529 2070 3594 13.
2126 3526 2203 3596 Ic
2250 3530 2481 3622 ponne
2526 3526 2679 3596 min
2723 3525 2954 3621 gebed
2993 3581 3000 3585 .

2198 3650 2274 3711 to
2306 3644 2415 3735 pe,

1849 3752 2115 3847 mihtig
2150 3753 2486 3836 Drihten,

1849 3867 2082 3937 tidum
2116 3870 2352 3952 sende,

1851 3986 2036 4053 teala
2070 3984 2446 4068 liciendlic,

1853 4105 1995 4173 and
2048 4108 2145 4197 pu
2198 4128 2313 4173 me
2362 4108 2593 4199 ponne
2643 4128 2738 4174 on
2787 4123 2957 4173 mae-

2052 4219 2265 4315 nigeo

1854 4335 2097 4407 miltsa
2127 4335 2357 4432 pinra,
