3254 5326
1746 290 1875 355 446

654 393 840 444 Psalm.

656 459 995 538 CXXXVI.
1039 478 1089 520 v.
1123 476 1178 536 7.
1219 477 1533 540 geceosan,
1520 485 1532 497 ·
1582 462 1651 517 de
1677 458 1839 531 hujus
1867 462 2110 518 lectionis
2135 464 2456 535 integritate
2481 461 2644 519 valde
2668 464 2877 521 dubito.

656 559 1020 618 CXXXVII.
1060 578 1112 618 v.
1141 558 1199 616 6.
1248 560 1382 615 God.
1411 558 1654 616 wundur
1672 577 1780 631 pro
1807 556 2051 615 wuldur.
2094 560 2380 632 legendum
2407 579 2592 617 oen-<xeo
2618 558 2716 639 pin
2737 560 2980 618 wuldur

886 659 1010 725 552.
1032 663 1159 731 post
1187 655 1491 714 eadmodra
1517 657 1728 729 aliquid
1755 657 1931 712 deesse
1957 659 2216 731 suspicor.

658 675 1067 812 CXXXVIII.
1111 772 1159 811 v.
1197 770 1255 826 3.
1303 752 1468 826 Lege,
1497 770 1656 810 sensu
1684 752 2024 826 postulante,
2067 759 2137 831 pu
2177 773 2271 812 me
2311 754 2671 833 gehiwadest.
2754 755 2824 813 V.
2865 774 2975 814 11.

818 853 1021 908 rectius
1062 849 1231 907 aedra.
1275 852 1336 906 it.
1381 849 1451 906 of
1485 848 1671 907 mim-e
1711 848 1914 906 modur
1954 849 2100 908 hrife
2138 853 2425 910 acenned:
2472 871 2704 926 quarum
2746 870 2973 918 vocum,

820 949 1064 1023 rhythmi
1090 956 1145 1005 et
1171 950 1557 1005 allilerationis
1579 949 1791 1022 gratia,
1820 949 2063 1005 ordinem
2099 952 2324 1007 mutavi.
2406 951 2480 1006 V.
2520 967 2612 1007 12.
2652 950 2716 1006 Ic
2751 953 2817 1027 pe
2856 968 2976 1007 an-

822 1046 1018 1113 detne,
1046 1065 1146 1104 ece
1171 1064 1271 1103 ece
1297 1044 1565 1102 Dribten.
1647 1045 1726 1103 V.
1756 1062 1849 1118 14.
1880 1065 2081 1122 eagon.
3030 1021 3047 1038 .

661 1145 1010 1204 CXXXIX.
1052 1162 1103 1200 v.
1138 1161 1192 1200 2.
1238 1143 1371 1200 Cod.
1402 1143 1638 1199 heorta³6
1660 1159 1769 1216 pro
1796 1141 2055 1199 beot-tau.
2124 1143 2241 1198 Pro
2267 1139 2326 1198 hi
2351 1147 2479 1219 poet,
2509 1143 2719 1198 inverso
2748 1143 2970 1207 ordine,

821 1247 932 1322 paet
956 1241 1018 1298 hi
1047 1244 1332 1315 legendum
1359 1259 1562 1298 censeo.
1608 1241 1680 1296 V.
1704 1253 1759 1313 7.
1791 1239 1993 1297 beafod
2023 1261 2061 1297 a
2089 1241 2316 1297 librario
2341 1242 2760 1316 praetermissum
2789 1243 2976 1296 textui

825 1339 1057 1395 restitui.

663 1434 846 1492 CXL.
876 1454 927 1492 v.
951 1451 1009 1507 4.
1045 1434 1176 1490 Cod.
1207 1434 1358 1491 Gete
1377 1451 1486 1509 pro
1517 1433 1670 1490 Sete.
1742 1431 1817 1489 V.
1850 1447 1905 1507 7.
1935 1433 1999 1490 Ic
2022 1452 2127 1506 pro
2156 1431 2269 1490 Ac.
2341 1433 2415 1491 V.
2443 1433 2497 1491 8.
2526 1431 2610 1490 eft
2638 1451 2710 1490 ne
2741 1430 2972 1490 mihton

827 1549 935 1586 non
962 1531 1229 1603 intelligo.

663 1627 909 1686 CXLII.
950 1646 1008 1684 v.
1044 1643 1097 1683 2.
1145 1626 1277 1682 Cod.
1307 1643 1340 1682 e
1360 1643 1467 1699 pro
1493 1623 1608 1681 Ne.
1693 1623 1767 1681 V.
1793 1622 1849 1680 6.
1882 1642 2080 1701 ansyn,
2111 1624 2270 1680 valde
2294 1624 2464 1680 dubia
2490 1630 2573 1680 est
2599 1622 2710 1678 ltaec
2739 1623 2913 1679 lectio.

666 1724 944 1783 CXLIII.
988 1743 1041 1782 v.
1074 1740 1129 1779 2.
1178 1722 1311 1778 Cod.
1354 1721 1456 1778 Me
1491 1739 1599 1795 pro
1643 1720 1761 1778 He.
1851 1720 1921 1776 V.
1954 1733 2010 1794 5.
2051 1718 2173 1792 pan
2206 1738 2311 1794 pro
2338 1720 2502 1776 Man.
2586 1719 2660 1775 V.
2690 1736 2747 1794 9.
2790 1717 2971 1776 rihtes

827 1816 1035 1874 unelne
1056 1834 1162 1890 pro
1188 1812 1445 1872 unu-ihtes
1471 1814 1619 1882 elne.
1705 1813 1781 1872 V.
1810 1831 1901 1871 11.
1932 1832 2229 1891 maecgum.
2313 1816 2387 1872 V.
2419 1813 2510 1871 18.
2542 1812 2817 1870 wordum.

668 1910 938 1969 CXLIV.
981 1931 1032 1969 v.
1063 1912 1119 1970 6.
1168 1912 1298 1968 Cod.
1329 1929 1511 1989 maege
1528 1928 1638 1984 pro
1667 1929 1905 1988 maegen.
1990 1911 2062 1968 V.
2092 1928 2148 1986 9.
2179 1909 2386 1988 syndas
2407 1928 2516 1985 pro
2543 1908 2780 1986 syndan.

667 2009 902 2066 CXLV.
942 2029 995 2066 v.
1026 2008 1084 2066 6.
1132 2009 1262 2065 Cod.
1292 2020 1522 2065 teonan.

668 2107 941 2165 CXLVI.
983 2125 1034 2164 v.
1071 2125 1162 2164 11.
1209 2107 1341 2164 Cod.
1372 2105 1581 2163 Hafast
1599 2124 1710 2181 pro
1737 2104 1964 2163 Nafast.

668 2204 972 2261 CXLVII.
1017 2223 1066 2261 v.
1103 2222 1152 2261 1.
1200 2204 1332 2262 Cod.
1361 2203 1553 2261 Godd.

668 2300 1004 2358 chV111.
1051 2321 1101 2357 v.
1133 2320 1189 2377 3.
1238 2302 1370 2358 Cod.
1400 2321 1601 2360 sunna.
1687 2303 1760 2360 V.
1789 2316 1846 2377 5.
1874 2299 2158 2358 wlaeclice.
2247 2301 2320 2357 V.
2354 2317 2442 2357 11.
2476 2299 2631 2357 Fm³5
2655 2318 2760 2374 pro
2787 2299 2968 2354 Eor’s.

668 2398 948 2455 CXLIX.
994 2417 1042 2453 v.
1080 2416 1132 2455 2.
1178 2399 1408 2454 Lineam
1439 2400 1526 2456 hic
1550 2401 1749 2466 deesse,
1781 2407 1897 2456 tam
1925 2418 1989 2456 ex
2017 2399 2285 2454 linearum
2325 2415 2551 2453 numero
2577 2398 2778 2470 impari
2805 2414 2972 2469 quam

833 2514 899 2552 ex
926 2502 1079 2552 textu
1105 2497 1328 2563 Latino,
1357 2498 1493 2553 satis
1515 2504 1690 2576 patet.

1352 3046 1681 3105 ERRATA
1724 3043 2280 3102 CORRIGENDA.

1038 3197 1129 3252 Ps.
1158 3192 1331 3251 XXI.
1396 3211 1506 3250 ver.
1537 3211 1559 3249 1
1578 3212 1630 3250 1.
1665 3212 1773 3267 pro
1800 3197 1908 3270 paet
1939 3193 2056 3265 lege
2082 3195 2167 3269 pe.

1156 3289 1357 3348 XXX.
1398 3308 1510 3347 ver.
1544 3304 1636 3364 17.
1672 3308 1779 3364 pro
1807 3287 1972 3366 lenge
2001 3290 2117 3362 lege
2141 3287 2325 3365 leuga.

1154 3386 1373 3445 XLIV.
1401 3406 1514 3446 ver.
1580 3403 1635 3462 7.
1673 3405 1778 3462 pro
1805 3390 2028 3463 scearpe
2058 3387 2176 3459 lege
2202 3402 2447 3461 seem-pe.
