3254 5326
609 334 751 398 228
1581 325 1947 397 LIBER

604 523 676 583 et
738 521 1166 607 cognoscant
1216 512 1388 603 quia
1447 535 1708 581 nomen
1809 509 2140 607 weorpass
2171 512 2534 606 gedrefde,

606 627 741 698 tibi
778 627 1154 698 Dominus,
1807 632 2037 723 Ponne
2070 629 2150 698 hi
2185 653 2447 700 naman
2481 629 2694 724 Pinne

1809 745 2031 813 neode
2066 742 2332 814 seceaffi'.

707 863 823 929 14.
878 859 998 929 Tu
1044 862 1236 930 solus
1283 859 1707 930 Altissimus
1913 863 2027 928 14.
2080 858 2185 944 Du
2220 883 2359 930 ana
2393 870 2568 942 eart,

604 997 819 1065 super
852 998 1135 1045 omnem
1169 984 1457 1046 terram.
1812 972 1964 1040 ofer
1999 973 2174 1041 ealle
2204 972 2394 1041 heah

1812 1086 2318 1171 eoffl-buende,

1814 1226 1930 1272 ece
1966 1204 2298 1274 Drihten.

1294 1473 1737 1537 PSALMUS
1787 1472 2223 1537 LXXXIII.

839 1637 975 1694 Vox
1006 1635 1226 1693 Christi
1256 1635 1329 1693 ad
1361 1636 1611 1704 Patrem,
1644 1634 1717 1693 de
1745 1634 1837 1694 his
1863 1635 1964 1712 qui
1993 1636 2182 1695 eidem
2209 1648 2347 1696 sunt
2375 1638 2687 1696 consecuti.

711 1799 776 1864 1.
830 1794 1065 1875 Quam
1135 1792 1472 1863 amabilia
1538 1802 1708 1863 sunt
1915 1799 1979 1865 1.
2034 1796 2235 1888 Synd
2269 1819 2383 1865 me
2418 1796 2554 1866 wic
2587 1796 2751 1891 pine

606 1912 1064 1981 tabernacula
1164 1919 1312 1992 tua,
1397 1909 1708 1979 Domine
1813 1908 2096 1980 weorBe
2131 1912 2273 1980 and
2307 1911 2512 1995 leofe,

606 2027 957 2097 virtutum
985 2026 997 2096 !
1035 2025 1460 2117 concupivit,
1488 2035 1560 2095 et
1589 2028 1709 2095 de·
1809 2051 2132 2122 maegena
2165 2027 2480 2097 Drihten
2508 2027 2520 2096 !

606 2143 775 2213 fecit
843 2141 1085 2211 anima
1152 2164 1311 2210 mea
1378 2141 1455 2210 in
1524 2142 1712 2211 atria
1812 2137 1859 2211 ἐἰ
1890 2143 1957 2213 ic
1991 2166 2084 2212 on
2117 2144 2326 2213 mode
2359 2137 2505 2238 Pffes

609 2259 928 2329 Domini.
1817 2260 2093 2330 willum
2128 2260 2392 2342 haefde‚

1814 2379 1961 2472 paet
1994 2376 2061 2446 ic
2092 2376 2248 2445 him
2283 2374 2594 2446 wunude
2629 2395 2798 2442 onn.

724 2497 791 2559 2.
868 2489 1011 2558 Cor
1078 2512 1342 2573 meum,
1411 2498 1483 2559 et
1551 2512 1715 2559 caro
1922 2499 1988 2562 2.
2039 2492 2311 2562 Heorte
2345 2491 2497 2561 min
2532 2492 2674 2561 and
2710 2489 2910 2561 flaesc

608 2631 792 2690 mea,
827 2608 1331 2677 exultaverunt
1366 2606 1443 2677 in
1478 2606 1715 2677 Deum
1819 2606 2103 2704 hyhtass
2140 2631 2427 2705 georne,

610 2723 876 2794 vivum.
1822 2751 1915 2797 on
1948 2731 2128 2822 pone
2162 2725 2531 2819 lifgendan

1820 2841 2056 2911 leofan
2091 2839 2424 2909 Drihten,

717 2957 784 3022 3.
838 2950 1135 3021 Etenim
1169 2974 1413 3042 passer
1447 2950 1722 3020 invenit
1928 2959 1993 3023 3.
2052 2953 2232 3023 Him
2266 2975 2388 3021 eac
2423 2947 2728 3040 spedlice

614 3070 930 3151 domum,
1000 3077 1072 3137 et
1152 3077 1395 3137 turtur
1468 3068 1723 3137 nidum
1823 3091 2196 3160 spearuwa
2229 3063 2369 3136 hfis
2405 3061 2735 3160 begytffl,

612 3183 777 3265 sibi,
870 3183 996 3253 ubi
1089 3193 1389 3273 reponat
1489 3185 1721 3274 pullos
1823 3187 1965 3255 and
2000 3184 2240 3254 tidlice

615 3320 781 3368 suos
809 3321 829 3381 ς
1828 3304 2048 3371 turtle
2081 3297 2371 3383 nistlaffi)

1825 3422 1975 3512 Paer
2008 3416 2133 3486 hio
2167 3412 2421 3485 afedess

1825 3534 2102 3628 fugelas
2136 3554 2410 3627 geonge
2442 3554 2461 3615 ;

721 3650 789 3716 4.
842 3645 1131 3716 Altaria
1200 3656 1348 3729 tua,
1413 3647 1724 3718 Domine
1930 3653 1998 3719 4.
2044 3648 2351 3720 Waerun
2387 3647 2752 3742 wig-bedu
2785 3643 2935 3739 pin,

615 3763 998 3844 virtutum,
1088 3762 1247 3832 Rex
1335 3786 1559 3845 meuS,
1621 3839 1636 3852 .
1654 3771 1726 3832 et
1826 3766 2165 3836 weoruda
2198 3762 2534 3844 Drihten,

616 3876 817 3948 Deus
854 3900 1075 3948 meus.
1824 3886 1921 3976 pu
1956 3889 2110 3949 eart
2143 3878 2457 3948 Drihten
2491 3875 2667 3959 min,

1828 3997 1970 4066 and
2005 3997 2216 4065 deore
2253 3992 2601 4085 Cynincg.

721 4113 789 4177 5.
845 4108 1057 4178 Beati
1105 4109 1229 4199 qui
1275 4109 1608 4179 habitant
1650 4110 1727 4179 in
1931 4116 1999 4180 5.
2053 4109 2337 4203 Eadige
2375 4103 2735 4189 weofflass,

616 4225 829 4293 domo
878 4233 1026 4305 tua,
1082 4225 1434 4309 Domine3
1490 4226 1567 4295 in
1620 4251 1729 4295 se·
1826 4231 1917 4321 pa
1948 4229 2033 4321 pe
2068 4224 2361 4295 eardia⁰6

617 4341 857 4409 culum
896 4341 1112 4409 seculi
1150 4342 1551 4411 laudabunt
1587 4351 1678 4410 te.
1830 4366 1923 4411 on
1956 4341 2209 4436 pinum
2244 4341 2534 4423 husum,

1829 4456 2032 4549 halig
2066 4454 2402 4535 Drihten,
