3254 5326
583 261 657 331 iv
1406 262 2046 334 PRAEFATIO.

584 468 991 518 manorum
1040 443 1387 519 colendis
1438 445 1929 532 insumserat,
1966 445 2283 523 tandem
2336 443 2611 543 patuit,
2647 468 2879 520 vene-

582 566 917 642 randum
968 567 1115 641 hoc
1170 567 1551 641 Ecclesiae
1603 578 1885 641 nostrae
1945 566 2361 665 primitivae
2422 592 2878 642 monumen-

581 702 750 763 tum
785 702 1178 789 superstes
1213 715 1402 765 esse.

657 815 1036 890 Perlectis
1063 817 1159 892 iis
1180 842 1355 915 quae
1383 817 1481 890 de
1508 816 1657 890 hoc
1687 817 1957 891 codice
1985 828 2249 891 narrat
2272 816 2603 916 Gleyus‚
2627 815 2882 914 primo

580 941 774 1014 mihi
823 941 1183 1044 dubitare
1235 943 1621 1016 succurrit
1667 953 1929 1015 utrum
1981 966 2338 1016 sermone
2371 966 2551 1015 vere
2588 939 2879 1036 Anglo-

582 1063 979 1140 Saxonico
1029 1067 1367 1165 scriptus
1418 1077 1644 1152 esset,
1691 1091 1791 1140 an
1844 1077 2177 1163 cognata
2228 1065 2495 1163 aliqua
2547 1064 2882 1138 dialecto

580 1188 1037 1275 Teutonica,
1075 1214 1251 1287 quae
1300 1189 1400 1262 ab
1437 1201 1702 1262 extero
1746 1188 2061 1261 homine
2096 1187 2233 1286 qui
2272 1211 2677 1284 nunquam
2724 1210 2879 1259 ser-

579 1312 789 1389 moni
826 1324 1084 1386 nostro
1119 1313 1379 1412 prisco
1414 1311 1756 1386 dedisset
1790 1336 2133 1410 operam,
2162 1337 2305 1411 pro
2332 1307 2879 1406 Anglo-Saxo-

579 1437 762 1510 nica
782 1436 1055 1510 haberi
1080 1436 1312 1511 facile
1334 1448 1618 1536 posset.
1657 1436 1941 1511 Visum
1965 1448 2081 1509 est
2105 1435 2344 1532 igitur
2366 1461 2413 1509 a
2436 1434 2879 1508 D.JoANNE

582 1561 1002 1647 Romarm,
1061 1560 1356 1648 LL.D.‚
1410 1562 1576 1636 viro
1630 1560 2147 1646 ornatissimo,
2203 1559 2556 1656 mihique
2610 1557 2879 1631 amici-

575 1686 689 1759 tia
740 1687 1404 1786 conjunctissimo,
1455 1687 1593 1784 qui
1647 1697 1836 1760 tunc
1888 1685 2263 1785 temporis
2317 1684 2630 1781 negotia
2680 1683 2878 1781 pub-

576 1811 732 1884 lica
803 1809 1132 1885 Lutetiae
1203 1811 1687 1887 Parisiorum
1757 1810 2063 1908 agebat,
2135 1821 2402 1909 petere
2469 1821 2558 1882 ut
2626 1808 2881 1906 qualis

579 1948 783 2011 esset
829 1936 1075 2010 codex
1120 1960 1246 2009 me
1296 1960 1439 2036 per
1482 1936 1784 2011 litteras
1835 1935 2246 2009 certiorem
2295 1933 2613 2007 faceret.
2719 1931 2877 2004 Hic

577 2084 719 2158 pro
780 2059 1269 2133 humanitate
1339 2058 1717 2155 singulari
1778 2082 1920 2131 sua
1979 2070 2058 2132 et
2115 2056 2667 2131 benevolentia
2725 2054 2880 2128 cito

579 2183 923 2281 quidem,
977 2182 1114 2256 sed
1167 2182 1384 2255 nullo
1434 2182 1812 2255 sermonis
1869 2181 2177 2280 adjecto
2230 2179 2690 2278 specimine,
2744 2202 2879 2276 pe-

577 2306 834 2380 titioni
894 2331 1088 2380 meae
1149 2304 1564 2378 obsecutus
1625 2315 1766 2378 est.
1888 2303 2248 2378 Incertus
2299 2304 2567 2400 itaque
2620 2300 2881 2375 adhuc

577 2428 996 2514 haerebam,
1020 2454 1267 2526 quum
1295 2416 1400 2501 D.
1428 2425 1799 2501 CAROLUS
1827 2426 2162 2500 PURToN
2196 2424 2552 2511 COOPER,
2580 2423 2878 2510 LL.D.‚

579 2553 1087 2627 Publicorum
1117 2552 1432 2649 Magnae
1461 2552 1894 2627 Britanniae
1932 2551 2454 2624 Archivorum
2484 2547 2877 2622 Curatori-

575 2679 726 2752 bus
754 2678 1025 2775 Regiis
1063 2704 1110 2752 a
1137 2677 1747 2776 SecretiS,—-qui
1776 2688 2071 2776 quanto
2106 2674 2364 2751 studio
2399 2685 2476 2747 et
2511 2697 2881 2747 successu

574 2803 870 2901 ubique
906 2803 1398 2900 indagaverit
1433 2827 1928 2901 quaecunque
1969 2801 2230 2875 lucem
2278 2797 2696 2873 annalibus
2743 2822 2879 2869 no-

576 2927 754 2999 stris
806 2926 1153 3022 antiquis
1205 2926 1480 2999 afferre
1526 2926 1999 3011 viderentur,
2036 2949 2158 2998 res
2202 2924 2456 2997 notior
2489 2932 2606 2995 est
2641 2944 2881 3017 quam

576 3060 665 3121 ut
716 3047 1106 3146 praeconio
1142 3071 1315 3120 meo
1351 3046 2142 3143 indigeat‚—-duabus
2195 3045 2490 3118 codicis
2542 3042 2879 3142 paginis,

576 3171 834 3270 prima
895 3169 1197 3244 scilicet
1257 3183 1334 3244 et
1393 3169 1696 3256 ultima,
1750 3170 2046 3269 potitus
2099 3180 2237 3255 est,
2298 3167 2882 3240 accuratissime

577 3294 1017 3393 descriptis.
1129 3292 1368 3367 Nullo
1418 3294 1592 3393 jam
1652 3294 1822 3368 loco
1877 3292 2296 3367 dubitandi
2358 3291 2630 3365 relicto
2684 3289 2879 3387 quin

579 3419 829 3494 codex
907 3432 1132 3507 esset,
1203 3420 1284 3493 id
1363 3419 1573 3517 quod
1655 3421 1962 3494 dixerat
2032 3417 2360 3517 Gleyus,
2434 3415 2880 3515 Paraphra-

578 3544 685 3618 sis
748 3544 1235 3618 Psalmorum
1301 3543 2056 3641 Anglo-Saxonica3
2129 3542 2661 3615 REvERENms
2720 3539 2880 3638 Ty-

577 3667 1010 3767 pographei
1066 3668 1528 3742 Academici
1592 3668 1805 3767 apud
1862 3666 2357 3741 Oxonienses
2412 3666 2881 3739 DELEGATIS

578 3815 896 3888 operam
966 3817 1221 3866 meam
1293 3793 1395 3866 ad
1457 3818 1635 3867 eum
1700 3791 2306 3866 describendum
2376 3790 2649 3866 obtuli.
2768 3788 2881 3861 Hi

578 3941 823 4013 quum
857 3916 1403 3993 liberalissime
1453 3919 1986 3992 conditionem
2023 3943 2068 3991 a
2104 3943 2230 3991 me
2265 3917 2611 3990 oblatam
2660 3923 2879 4008 acce-

579 4038 900 4136 pissent,
937 4053 1208 4139 postea
1256 4052 1695 4117 statuerunt
1728 4054 1817 4116 ut
1865 4068 1989 4116 me
2039 4043 2334 4116 editore
2378 4039 2881 4140 paraphrasis

579 4161 659 4234 in
695 4163 953 4237 lucem
988 4167 1354 4265 prodiret.

663 4285 864 4373 Quis
901 4288 1136 4361 fuerit
1171 4288 1301 4363 ille
1335 4291 1463 4365 cui
1501 4290 1878 4365 debemus
1915 4291 2121 4364 hanc
2158 4289 2497 4388 primam
2524 4287 2880 4361 Psalmo·

578 4435 751 4483 rum
787 4411 867 4484 in
907 4412 1247 4511 patrium
1297 4438 1731 4487 sermonem
1769 4413 2227 4498 versionem,
2266 4437 2389 4487 res
2440 4423 2556 4486 est
2592 4410 2689 4484 de
2724 4434 2882 4508 qua
