3254 5326
1438 285 1566 347 443

351 379 529 428 Psalm.

349 445 509 506 LIV.
548 466 606 504 v.
643 464 735 521 13.
778 448 910 506 Cod.
963 450 1080 505 Pro
1106 467 1286 506 on-an
1316 450 1497 518 mede,
1519 450 1771 527 sortasse
1809 453 2073 520 anmode,
2105 455 2322 527 syllaba
2349 476 2422 515 an
2452 461 2651 528 deleta,

514 546 817 618 legendum.
902 546 973 602 V.
1008 565 1102 603 20.
1133 546 1372 605 tadaelde
1397 568 1503 622 pro
1532 549 1854 609 ut-adaelde.
1927 551 1996 606 V.
2031 569 2124 607 22.
2149 572 2255 627 pro
2286 554 2507 624 hre'fire,
2520 557 2654 658 sor-

517 650 657 698 tasse
684 640 876 699 hre'65e
895 642 1182 721 (hressige)
1215 665 1251 701 a
1279 645 1585 713 bressianst
1610 645 1821 714 saevire,
1830 651 2178 722 ’legendum

351 737 480 794 LV.
520 758 567 794 v.
600 738 656 795 6.
702 739 832 795 Cod.
854 757 962 812 pro
991 739 1200 808 haelun,
1229 743 1320 796 vix
1347 741 1534 797 dubito
1563 743 1695 815 quin
1725 741 1906 799 haelan
1938 744 2226 816 legendum
2252 748 2348 802 sit.

352 835 573 894 LVIII.
614 855 664 892 v.
702 850 793 909 17.
842 836 1204 914 Cod.·aeghaer
1225 855 1331 910 pro
1359 837 1642 911 aegbwaer.

351 932 514 990 LIX.
558 953 606 989 v.
641 951 694 988 2.
744 934 873 990 Cod.
914 932 1155 990 ahreded
1188 952 1293 1007 pro
1321 932 1568 990 ahrered.
1655 934 1731 992 V.
1764 948 1819 1009 5.
1869 935 1999 993 Cod.
2030 937 2242 994 Donne
2278 957 2388 1012 pro
2414 939 2511 997 Do
2541 960 2654 1009 me,

511 1032 576 1086 it.
623 1028 978 1086 ommetibor.
1065 1029 1217 1085 Satis
1259 1031 1438 1103 inepte
1481 1031 1569 1086 hic
1611 1031 1991 1088 hallucinatur
2034 1035 2312 1107 Interpres
2354 1036 2661 1094 Saxonicus

514 1128 733 1185 verbum
762 1124 1008 1183 metibor
1034 1145 1227 1183 nomen
1251 1129 1539 1202 proprium
1568 1147 1679 1183 esse
1704 1131 1921 1187 ducens.
1990 1132 2062 1188 V.
2097 1148 2151 1204 7.
2184 1132 2415 1189 Lineam
2444 1134 2532 1191 hic
2559 1138 2657 1191 de-

517 1245 645 1290 esse,
680 1234 792 1282 tam
821 1244 886 1281 ex
916 1227 1183 1281 linearum
1223 1244 1448 1282 numero
1485 1228 1686 1300 impari
1714 1246 1878 1300 quam
1917 1247 1984 1284 ex·
2021 1227 2235 1303 defectu
2273 1232 2660 1289 alliterationis

513 1323 860 1399 manifestum
891 1331 990 1381 est.
1077 1325 1151 1380 It.
1185 1322 1302 1379 min
1327 1342 1493 1401 gescy
1522 1323 1717 1391 sende,
1751 1341 1862 1381 non
1889 1328 2160 1400 intelligo.

352 1422 488 1480 LX.
534 1442 585 1478 v.
626 1440 674 1478 1.
723 1421 855 1477 cod.
894 1419 1249 1498 minegebed.
1337 1420 1405 1475 V.
1438 1437 1496 1494 5.
1540 1439 1725 1477 vocem
1752 1421 1823 1478 he
1852 1431 1979 1496 post
2007 1443 2082 1480 on
2112 1442 2142 1479 e
2171 1421 2486 1496 conjectura
2524 1445 2656 1501 sup-

506 1520 675 1594 plevi.

352 1619 550 1676 LXII.
590 1637 637 1674 v.
669 1634 719 1673 1.
767 1616 896 1673 Cod.
928 1612 986 1671 in
1016 1613 1167 1672 sawl.
1193 1633 1298 1689 pro
1327 1614 1447 1672 min
1477 1614 1632 1672 sawl.
1718 1615 1792 1672 V.
1825 1634 1882 1691 9.
1932 1616 2063 1674 Cod.
2094 1615 2264 1675 driht.

353 1718 579 1775 LXIII.
617 1737 669 1773 v.
706 1735 754 1772 1.
800 1716 931 1771 Cod.
961 1727 1252 1771 costunce.

354 1813 575 1871 LXIV.
614 1831 665 1868 v.
699 1829 790 1868 11.
840 1811 971 1865 Cod.
1001 1829 1204 1887 cynne.
1287 1810 1361 1866 V.
1394 1828 1486 1884 13.
1516 1808 1766 1888 gespiru.

354 1906 542 1963 LXV.
584 1924 637 1961 v.
671 1905 724 1961 8.
773 1904 903 1960 Cod.
935 1924 1021 1959 nae
1049 1922 1151 1977 pro
1183 1922 1272 1961 ne.
1357 1904 1428 1961 V.
1460 1905 1554 1962 16.
1584 1903 1863 1961 wealden.
1944 1906 2018 1961 V.
2051 1920 2142 1980 17.
2171 1925 2391 1985 stange.

355 2003 608 2061 LXVII.
652 2021 700 2057 v.
737 2018 791 2058 2.
839 2001 969 2057 Cod.
999 2001 1139 2058 Sece
1164 2019 1269 2075 pro
1301 1999 1470 2069 Rece,
1501 2003 1719 2057 inscitia
1745 2003 2116 2064 rubricatori&
2201 2005 2275 2062 V.
2308 2006 2363 2064 8.
2403 2006 2576 2063 0’6‘6a.

354 2100 637 2158 LXVIII.
667 2119 721 2156 v.
753 2116 846 2155 12.
881 2099 1013 2154 Cod.
1045 2111 1184 2155 saeto
1207 2118 1313 2173 pro
1340 2109 1538 2156 saeton.
1599 2099 1675 2155 V.
1706 2115 1795 2173 15.
1826 2117 1900 2156 sae
1929 2118 2195 2177 grungeS.
2254 2102 2332 2159 V.
2360 2120 2453 2179 19.
2490 2104 2663 2160 Totus

515 2216 719 2262 versus,
749 2198 963 2252 incuria
993 2196 1221 2263 librarii,
1253 2197 1531 2252 nonnullis
1555 2198 1613 2252 in
1621 2197 1747 2271 fine
1769 2198 1966 2253 litteris
1994 2202 2246 2273 excepti-3,
2275 2201 2444 2257 deest.

356 2293 584 2351 LXIX.
626 2312 682 2349 v.
717 2305 773 2366 5.
823 2292 953 2347 Cod.
983 2290 1125 2368 pinoe
1147 2310 1253 2366 pro
1283 2290 1428 2368 Pine.

354 2390 583 2448 LXXI.
621 2411 674 2447 v.
705 2409 760 2465 9.
809 2390 939 2446 Cod.
993 2390 1149 2447 Hine
1186 2409 1292 2463 pro
1331 2387 1490 2461 pine,
1537 2390 1894 2446 rubricatori-5
1935 2392 2170 2447 inscitia.
2257 2390 2328 2447 V.
2364 2409 2456 2465 13.
2504 2390 2668 2463 hujus

516 2505 700 2543 versus
745 2488 916 2542 lineas
958 2488 1095 2542 duas
1138 2487 1506 2554 intermedia-³,
1536 2488 1926 2543 alliterationis
1966 2489 2180 2560 gratia,
2222 2495 2436 2543 mutato
2479 2489 2668 2542 ordine

521 2586 774 2657 legendas
815 2601 1014 2639 cense0.
1097 2581 1174 2639 V.
1213 2583 1304 2639 16.
1342 2582 1440 2639 Ex
1467 2601 1594 2639 voce
1620 2588 1723 2660 ypa
1752 2584 1921 2657 liquet
1955 2583 2361 2659 paraphrasten
2403 2601 2513 2640 non
2550 2583 2666 2641 fru-

519 2695 665 2748 ctuS‚
692 2684 785 2738 sed
811 2681 1012 2738 fluctus
1041 2682 1247 2753 legisse.

357 2781 618 2840 LXXII.
660 2799 707 2835 v.
746 2797 793 2835 1.
839 2779 970 2835 Cod.
1016 2776 1070 2834 ic
1107 2796 1213 2851 pro
1256 2775 1322 2834 is.
1422 2778 1494 2834 V.
1534 2795 1591 2849 4.
1635 2777 2080 2852 beswungenne.
2162 2777 2232 2834 V.
2265 2796 2322 2854 9.
2368 2778 2471 2835 Hu
2516 2796 2667 2852 repe-

521 2880 677 2934 titur.
782 2877 854 2932 V.
892 2893 982 2932 11.
1027 2876 1172 2932 vocis
1217 2872 1439 2949 aenigne
1481 2877 1602 2931 duce
1639 2877 1844 2931 ultimae
1889 2877 2084 2931 litterae
2122 2873 2364 2946 suly'ecto
2402 2876 2670 2949 punctulo

519 2982 800 3040 notantur,
828 2975 973 3030 unde
1013 2972 1161 3050 aenig
1204 2990 1276 3028 ne
1322 2973 1606 3045 legendum
1654 2991 1875 3041 censeo;
1916 2974 2012 3028 sed
2051 2973 2226 3029 locum
2267 2974 2518 3029 vitiosum
2560 2990 2670 3028 esse

520 3074 740 3128 minime
776 3071 981 3126 dubito.
1072 3070 1138 3126 V.
1179 3088 1267 3142 ¹4·
1313 3073 1381 3145 pa
1423 3067 1611 3125 hIWen
1653 3069 1753 3125 dar
1793 3088 1909 3135 aer3
1953 3072 2014 3125 it.
2046 3069 2280 3146 alysdon
2312 3089 2419 3144 pro
2460 3067 2667 3147 alysde.

523 3170 699 3225 Linea
721 3169 970 3242 proxime
995 3169 1241 3241 sequenti
1271 3168 1557 3239 legendum
1566 3167 1817 3242 fortasse
1846 3166 2039 3224 la'Eum
2070 3167 2508 3225 wissferendunm.

357 3266 645 3323 LXXIII.
687 3285 745 3323 v.
786 3284 876 3338 ¹4·
925 3266 1057 3322 Cod.
1088 3264 1513 3343 Sigelbearwas.
1584 3266 1658 3320 V.
1694 3278 1786 3339 15.
1830 3264 2112 3343 adigdest.
2181 3266 2254 3322 V.
2291 3264 2384 3321 18.
2416 3268 2545 3342 sype
2561 3282 2670 3337 pro

523 3363 657 3440 syle.
741 3364 819 3422 V.
848 3382 941 3439 19.
967 3363 1186 3441 aeghaer.

361 3462 647 3520 LXXIV.
690 3481 741 3518 v.
776 3480 828 3518 2.
877 3463 1009 3518 Cod.
1043 3457 1324 3518 faestlicas.
1410 3457 1482 3514 V.
1514 3475 1572 3532 9.
1601 3461 1672 3534 po
1694 3475 1804 3530 pro
1830 3462 1915 3535 pa.

362 3555 644 3611 LXXVI.
707 3574 753 3611 v.
796 3574 882 3611 12.
938 3556 1069 3611 Cod.
1114 3561 1240 3629 post
1293 3553 1614 3629 AEgyptum
1667 3553 1838 3626 liquet
1890 3553 2105 3626 aliquid
2158 3555 2356 3609 deesse.
2454 3551 2523 3606 V.
2576 3567 2667 3626 15.

523 3651 716 3728 bonni.
1942 3695 1949 3701 .

361 3748 673 3806 LXXVII.
705 3770 754 3806 v.
781 3767 837 3822 3.
867 3748 974 3806 alle
992 3768 1101 3823 pro
1128 3748 1307 3815 Estne,
1340 3749 1695 3806 rubricatori-e
1721 3749 1957 3804 incuria.
2016 3747 2088 3803 V.
2114 3762 2175 3819 4.
2209 3747 2317 3802 beo
2338 3764 2447 3819 pro
2477 3745 2668 3803 heora.

525 3848 594 3903 V.
627 3866 726 3922 32·
774 3850 921 3904 locus
960 3850 1051 3903 vix
1078 3854 1157 3902 est
1199 3850 1426 3920 integer.
1513 3848 1584 3903 V.
1615 3863 1714 3920 33.
1757 3864 1942 3903 vocem
1981 3844 2073 3911 he,
2104 3862 2223 3917 quae
2256 3845 2430 3899 textui
2458 3845 2667 3907 deerat,

523 3947 786 4018 supplevi.
856 3945 929 4001 V.
962 3962 1063 4020 39.
1094 3943 1362 4015 moldan3
1408 3945 1473 4000 it.
1502 3942 1547 3999 l.
1573 3945 1677 4000 ult.
1709 3939 2124 4021 segeomaereft,
2155 3958 2262 4013 quo
2289 3957 2450 3996 sensu
2474 3941 2672 3998 nescio.

524 4041 596 4098 V.
621 4042 718 4099 62.
749 4043 1020 4100 sweorde.

360 4139 707 4198 LXXVIII.
753 4160 804 4198 v.
833 4154 891 4215 5.
941 4141 1071 4197 Cod.
1100 4142 1221 4197 init.
1256 4158 1460 4205 versus,
1490 4158 1529 4194 u
1550 4156 1660 4213 pro
1691 4136 1812 4204 Hu,
1838 4137 2053 4194 incuria
2080 4135 2458 4200 rubricator-is,
2485 4141 2550 4189 ut
2572 4152 2673 4190 sae..

520 4237 646 4310 pius
671 4237 822 4294 alibi.
887 4236 1079 4293 Vocem
1108 4235 1275 4314 lange
1293 4237 1545 4311 proxime
1568 4241 1899 4308 sequentem,
1929 4239 2122 4308 utpote
2150 4234 2225 4288 ad
2249 4250 2463 4289 sensum
2491 4250 2670 4289 neces-

525 4335 748 4401 sariam,
779 4334 1086 4390 interserui.

364 4425 645 4485 LXXIX.
687 4448 737 4484 v.
778 4447 868 4486 ιο.
917 4428 1049 4485 Cod.
1080 4426 1305 4485 cedder.
1389 4430 1461 4485 V.
1504 4446 1590 4485 11.
1623 4428 1741 4484 Pro
1768 4425 2114 4501 hitfortasse
2143 4423 2232 4483 his
2261 4426 2565 4499 legendum.
