3254 5326
680 306 828 380 206
1656 301 2015 374 LIBER

773 498 888 562 10.
946 492 1060 562 Ne
1092 492 1271 562 fiant
1305 491 1492 562 sicut
1534 501 1776 582 patres

673 631 943 690 eorum,
1019 630 1247 703 genus
1315 630 1617 698 pravum
1705 616 1777 677 et

671 746 1150 814 peramarum,
1251 747 1479 818 genus
1581 724 1776 814 quod

671 863 815 908 non
885 838 1149 907 direxit
1219 862 1341 909 cor
1407 863 1644 922 suum,
1704 848 1776 908 et

669 978 811 1025 non
866 963 975 1024 est
1025 954 1341 1025 creditus
1402 978 1566 1025 cum
1618 955 1777 1025 Deo

668 1071 966 1162 spiritus
1001 1071 1205 1165 ejus..

797 1662 912 1727 11.
987 1653 1162 1725 Filii
1214 1654 1488 1724 Effrem
1542 1654 1777 1723 inten-

669 1776 916 1843 dentes
951 1783 1023 1843 et
1058 1772 1424 1841 mittentes
1471 1769 1774 1865 sagittas

668 1911 884 1973 suas3
939 1888 1257 1959 conversi
1308 1895 1478 1957 sunt
1528 1886 1604 1956 in
1657 1885 1774 1955 die

670 2007 859 2076 belli.

749 2355 864 2419 12.
902 2351 1070 2420 Non
1105 2348 1598 2421 custodierunt
1634 2356 1773 2417 tes-

667 2476 1066 2537 tamentum
1122 2465 1261 2536 Dei
1316 2464 1430 2535 sui
1468 2487 1487 2547 3
1563 2472 1636 2534 et
1694 2463 1773 2532 in

667 2586 823 2681 lege
874 2584 1028 2678 ejus
1082 2585 1469 2653 noluerunt
1520 2581 1771 2650 ambu-

670 2704 838 2773 lare.

774 3053 889 3117 13.
945 3046 1047 3115 Et
1093 3045 1297 3115 obliti
1350 3054 1520 3115 sunt
1567 3045 1777 3115 bene-

669 3167 1023 3235 factorum
1092 3163 1271 3254 ejuS,
1340 3169 1412 3231 et
1481 3160 1777 3230 mirabi—

671 3282 847 3352 lium
885 3280 1040 3372 ejus
1082 3301 1247 3368 quae
1293 3276 1606 3346 ostendit
1652 3276 1776 3359 eis,

674 3421 913 3468 coram
946 3394 1271 3486 patribus
1309 3416 1578 3462 eorum.

777 3752 895 3818 14.
975 3745 1179 3816 Fecit
1264 3741 1625 3813 mirabilia
1700 3741 1779 3811 in

673 3876 863 3936 terra
948 3860 1270 3956 AEgypti,
1356 3858 1431 3928 in
1528 3882 1780 3949 came

675 3981 981 4051 Taueos,

780 4449 893 4513 15.
961 4439 1361 4530 Interrupit
1429 4461 1648 4520 mare,
1710 4450 1782 4509 et

1967 496 2081 562 10.
2120 491 2233 562 Ne
2262 515 2496 563 wesen
2538 493 2618 562 hi
2653 516 2745 564 on
2780 494 2970 564 facne

1876 606 2225 678 faederum
2261 608 2510 703 gelice‚

1875 726 2020 818 paet
2054 747 2226 794 waes
2262 722 2511 794 earfoss
2545 748 2758 818 cynn,

1877 861 2043 931 yrre
2078 842 2222 909 and
2260 837 2451 923 τόδε,

1877 956 2168 1026 naefdon
2200 957 2422 1027 heora
2454 956 2756 1026 heortan

1879 1071 2049 1167 hige
2083 1069 2544 1167 gesta¹6e10d3

1880 1187 1993 1257 nis
2029 1196 2103 1258 to
2138 1182 2508 1270 wenanne‚

1877 1306 2094 1399 paette
2129 1304 2358 1373 wolde
2394 1302 2555 1373 God

1879 1417 2087 1488 hiora
2119 1429 2329 1514 gasta
2362 1418 2512 1488 mid
2549 1418 2702 1488 him

1879 1559 2149 1628 gyman
2185 1535 2431 1606 awiht.

1982 1656 2097 1721 11.
2153 1651 2504 1721 Effremes
2540 1650 2763 1719 bearn

1877 1774 2089 1836 aerest
2124 1789 2515 1861 ongunnan

1877 1882 1959 1951 of
1986 1882 2222 1977 bogan
2258 1883 2494 1951 straele

1875 1998 2100 2068 bitere
2135 1999 2404 2067 sendan
2434 2020 2455 2080 3

1873 2118 2015 2209 paes
2052 2114 2131 2183 hi
2169 2108 2261 2183 (m
2299 2113 2522 2208 wiges
2561 2114 2766 2205 daege

1877 2233 2179 2301 wendon
2216 2232 2445 2300 aefter.

1978 2354 2093 2418 12.
2149 2347 2263 2418 Ne
2297 2347 2604 2416 heoldan
2639 2345 2719 2414 hi

1873 2465 2139 2560 halgan
2175 2464 2523 2534 Drihtnes

1878 2582 2329 2679 gewitnesse‚

1876 2722 1965 2768 ne
1999 2698 2113 2768 his
2148 2721 2425 2768 weorca
2461 2692 2524 2766 {e

1877 2815 2103 2885 awiht
2137 2810 2405 2884 wislice

1878 2933 2167 3002 woldan
2202 2932 2602 3026 begangan.

1981 3053 2096 3117 13.
2152 3046 2376 3116 Ealra
2408 3042 2799 3141 gssd-daeda
2837 3043 2915 3114 hi

1878 3164 2194 3259 forgiten
2227 3163 2548 3244 haefflon,

1880 3281 2020 3350 and
2055 3282 2228 3374 para
2261 3280 2586 3360 wundra,

1880 3398 1965 3490 pe
2000 3396 2091 3464 he
2126 3394 2403 3464 worhte
2439 3417 2564 3476 aer,

1880 3514 2054 3606 para
2086 3510 2306 3579 heora
2339 3511 2597 3600 yldran

1882 3628 2323 3697 on-locadan.

1985 3747 2100 3813 14.
2158 3743 2274 3811 He
2309 3764 2403 3811 on
2437 3741 2756 3834 AEgypta

1879 3883 2191 3955 agenum
2226 3860 2460 3940 lande,

1881 3976 2157 4047 worhte
2191 3976 2343 4044 fore

1881 4094 2192 4162 wundur
2225 4113 2467 4173 maere,

1882 4211 2023 4278 and
2059 4231 2152 4279 on
2188 4206 2672 4298 Campotanea

1883 4349 2004 4395 eac
2041 4324 2192 4395 mid
2227 4320 2417 4393 sosse.

1988 4446 2101 4510 15.
2161 4440 2277 4509 He
2312 4434 2412 4509 δῶ
2450 4441 2686 4521 toslat‚
