3254 5326
651 333 798 398 202

734 518 802 582 5.
843 510 1172 606 Cogitavi
1211 511 1361 580 dies
1398 511 1755 604 antiquOS,

647 640 720 700 et
771 652 994 698 annos
1046 637 1351 698 aeternos
1386 626 1464 696 in
1515 638 1755 698 mente

649 746 890 815 habui.

748 976 816 1047 6.
873 977 976 1046 Et
1010 975 1396 1045 meditatus
1433 999 1594 1046 sum
1631 1000 1757 1046 no-

646 1104 757 1164 cte
793 1117 953 1163 cum
990 1094 1198 1162 corde
1232 1114 1414 1173 meo,
1448 1100 1520 1161 et
1555 1116 1756 1162 exer·

648 1211 941 1293 citabar,
969 1218 1041 1278 et
1068 1208 1500 1277 ventilabam
1527 1208 1605 1277 in
1641 1232 1754 1277 me

649 1326 987 1417 spiritum
1022 1348 1284 1394 meum.

749 1446 821 1518 7.
875 1441 977 1510 Et
1030 1440 1206 1523 dixi,
1245 1439 1619 1531 Numquid
1673 1441 1749 1511 in

651 1566 1005 1625 aeternum
1112 1555 1445 1648 projiciet
1531 1557 1753 1640 Deus»,

651 1682 776 1743 aut
838 1695 980 1742 non
1040 1681 1350 1762 apponet
1410 1681 1491 1742 ut
1543 1674 1753 1742 bene-

650 1790 991 1880 placitum
1066 1788 1162 1859 sit
1248 1790 1480 1858 adhuc
1516 1791 1550 1858 ἶ)
1632 1798 1759 1858 aut

654 1907 728 1974 in
764 1906 979 1974 finem
1021 1905 1586 1975 misericordiam
1639 1928 1758 1974 su-

652 2046 765 2091 am
836 2021 1224 2104 abscindet,
1286 2046 1330 2092 a
1388 2024 1625 2092 seculo
1685 2029 1757 2090 et

650 2137 1108 2231 generatione
1137 2137 1172 2206 t>

754 2842 822 2907 8.
881 2835 1257 2928 Numquid
1300 2836 1758 2907 obliviscetur

652 2951 972 3022 misereri
1026 2952 1223 3020 Deus
1250 2953 1284 3020 ἶ)
1347 2960 1474 3021 aut
1529 2952 1754 3021 conti-

653 3068 851 3138 nebit
899 3068 975 3136 in
1020 3067 1131 3136 ira
1175 3090 1306 3137 sua
1357 3068 1758 3138 misericor-

654 3185 848 3255 diam
884 3207 1087 3254 suam
1117 3186 1151 3253 Ρ

755 3775 821 3848 9.
879 3768 980 3837 Et
1031 3767 1206 3850 dixi,
1246 3767 1459 3837 Nunc
1513 3766 1754 3856 coepi3

653 3886 809 3954 haec
835 3881 1245 3952 immutatio
1271 3884 1581 3951 dexterae
1606 3881 1758 3951 Ex-

655 4000 821 4070 celsi
862 4020 879 4067 ε
958 4021 1228 4067 memor
1286 3997 1398 4066 fui
1458 4019 1755 4087 operum

652 4114 949 4185 Domini
987 4136 1008 4196 ς
1083 4113 1255 4204 quia
1313 4136 1585 4182 memor
1636 4136 1758 4182 ero

655 4230 745 4299 ab
813 4229 1022 4300 initio
1090 4229 1530 4299 mirabilium
1599 4239 1758 4299 tuo-

654 4371 840 4417 rum.

1638 324 2000 395 LIBER

1958 517 2026 582 5.
2081 510 2176 596 Da
2212 511 2278 580 ic
2313 513 2513 581 ealde
2549 515 2766 608 dagas

1857 628 1961 698 eft
1993 628 2320 722 gepohte,

1855 744 2091 814 haefde
2127 767 2240 813 me
2274 766 2392 813 ece
2426 768 2600 838 gear

1856 863 2033 930 ealle
2069 884 2163 930 on
2196 862 2427 930 mode.
2871 938 2880 943 ‚

1956 974 2023 1046 6.
2079 976 2157 1045 Ic
2189 979 2280 1071 pa
2314 976 2465 1045 mid
2498 977 2799 1046 heortan

1855 1116 2146 1187 ongann
2180 1092 2580 1186 hycggean,

1856 1208 2093 1278 nihtes
2121 1231 2291 1278 waes
2327 1207 2480 1276 min
2521 1216 2682 1303 gast
2722 1230 2815 1277 on
2851 1232 2959 1277 me

1855 1346 2118 1419 georne
2151 1323 2543 1418 gebysgad.

1957 1446 2026 1518 7.
2081 1440 2179 1526 Da
2211 1440 2278 1510 ic
2314 1441 2499 1533 sylfa
2536 1436 2784 1522 cwaess,

1860 1560 1936 1629 Ic
1971 1567 2047 1628 to
2082 1554 2249 1626 sosse
2284 1563 2455 1638 wat,

1857 1678 2012 1744 nele
2046 1673 2155 1769 pis
2190 1668 2309 1742 e'ce
2346 1670 2506 1741 God

1856 1791 2031 1862 aefre
2066 1798 2503 1879 toweorpan,

1857 1929 1946 1976 ne
1980 1929 2066 1976 us
2101 1905 2430 1987 witmau,

1858 2024 1973 2092 for
2005 2022 2119 2092 his
2155 2023 2638 2104 wel-daedum,

1861 2136 2043 2208 diffie
2078 2138 2220 2232 wip
2253 2139 2453 2220 ende,

1862 2256 2032 2324 aefre
2066 2262 2143 2323 to
2178 2255 2520 2336 worulde,

1859 2370 1975 2440 his
2010 2370 2227 2440 milde
2262 2371 2428 2439 mod

1863 2510 2208 2556 mannum
2245 2486 2563 2577 afyrran,

1863 2626 1956 2673 on
1991 2600 2452 2685 woruld-life,

1860 2743 2053 2789 wera
2086 2718 2522 2789 cneorissum
2546 2720 2579 2788 ἶ)

1959 2840 2025 2906 8.
2081 2837 2194 2905 Ne
2228 2833 2377 2928 by&
2411 2836 2584 2906 aefre
2621 2835 2779 2904 God

1857 2951 2374 3047 ungemyndig‚

1857 3071 2002 3163 paet
2037 3069 2126 3137 he
2161 3066 2476 3161 miltsige

1860 3208 2126 3254 manna
2156 3207 2384 3275 cynne
2408 3184 2442 3252 ἶ)

1861 3303 2034 3395 οῙψε
2070 3323 2164 3369 on
2198 3323 2387 3391 yrre,

1862 3418 2036 3488 aefre
2070 3415 2261 3485 wille

1860 3532 1974 3603 his
2010 3532 2227 3601 milde
2261 3531 2428 3599 mod

1861 3672 2207 3719 mannum
2242 3649 2525 3739 dyrnan
2552 3646 2584 3714 ἶ)

1961 3770 2029 3843 9.
2082 3764 2254 3834 Α11(1
2290 3762 2355 3831 ic
2389 3762 2576 3853 sylfa
2610 3759 2858 3845 cwaeff,

1861 3882 1985 3951 Nu
2020 3880 2086 3951 ic
2121 3903 2296 3949 sona
2329 3900 2617 3972 ongann

1856 4001 2021 4093 Peos
2056 3996 2582 4092 geunwendnes

1859 4137 2115 4184 wenan
2150 4119 2386 4194 aerest,

1857 4234 2030 4324 para
2063 4231 2248 4299 hean
2282 4228 2524 4297 handa

1857 4346 2153 4441 haligan
2195 4343 2569 4424 Drihtnes,

1857 4484 2133 4531 weorca
2166 4459 2579 4540 wraeclicra,
