3254 5326
664 304 760 369 40
1592 297 1989 369 *LIBER

763 487 881 553 48.
938 484 1411 579 Magnificans
1453 487 1766 554 salutare
1952 488 2070 554 48.
2123 483 2446 554 Gemicla
2494 507 2618 566 nu,
2653 485 2792 552 and
2839 506 2963 577 ge-

654 601 851 696 ·regis
900 602 1148 692 ipsiuS,
1198 612 1268 673 et
1319 602 1585 673 faciens
1635 603 1770 673 mi·
1851 600 2335 694 monigfealda
2398 604 2489 695 pa
2555 601 2743 671 haelo
2811 602 2962 692 paes

663 717 1119 787 sericordiam
1155 719 1422 789 christo
1468 742 1598 789 suo
1624 720 1773 790 Da·
1795 754 1802 777 ι
1853 740 2138 811 cynges,
2172 715 2263 786 *Se
2296 714 2401 786 *Su
2433 724 2774 811 gesettest
2808 716 2964 784 ofer

662 830 805 912 vid,
839 840 911 899 et
945 831 1198 901 semini
1235 834 1390 925 ejus
1430 855 1657 923 usque
1692 830 1766 900 in
1849 831 2159 915 folcum3
2214 836 2356 903 and
2402 834 2496 902 do
2545 831 2962 901 mildheort-

656 948 994 1016 seculum.
1849 969 2050 1017 nesse
2140 948 2390 1042 ]2inum
2487 948 2961 1042 gesmyredan

1842 1063 2147 1147 Dauide,
2175 1067 2315 1134 and
2337 1064 2451 1134 his
2477 1086 2706 1155 eynne
2727 1086 2817 1131 on
2848 1086 2962 1132 ee-

1843 1202 2067 1249 nesse.

1430 1374 1871 1438 PSALMUS
1916 1375 2183 1439 XVIII.

743 1512 941 1590 Dysne
969 1512 1352 1570 eahtateossan
1381 1511 1558 1570 sealm
1590 1511 1767 1569 Dafid
1794 1532 1954 1592 sang,
1985 1514 2153 1573 Gode
2181 1526 2244 1573 to
2269 1521 2565 1594 Pancunga
2589 1513 2681 1571 his
2706 1510 2962 1570 mislicra

657 1606 774 1665 and
810 1608 1231 1686 *manigfealdra
1269 1609 1559 1687 gesceafta
1582 1612 1661 1667 ’δε
1701 1610 1774 1668 he
1814 1631 2077 1691 gesceop,
2120 1633 2397 1671 mannum
2437 1624 2501 1671 to
2539 1610 2840 1680 '6eowian3
2883 1628 2960 1668 ne

660 1704 830 1784 foffiy
857 1709 967 1784 paet
993 1711 1061 1784 pa
1088 1725 1221 1763 men
1248 1704 1520 1764 sceoldon
1547 1706 1668 1764 him
1694 1707 1960 1765 >6eowian
1979 1732 1997 1779 3
2040 1710 2112 1767 be
2139 1715 2281 1788 poem
2307 1711 2382 1768 he
2410 1712 2605 1768 cwae’6.

1279 1862 1474 1921 David
1502 1863 1647 1922 dicit
1679 1864 1751 1923 de
1778 1864 2043 1923 adventu
2074 1864 2314 1924 Christi.

760 2000 826 2064 1.
880 1994 1060 2066 Caeli
1095 2005 1431 2065 enarrant
1461 1997 1764 2091 gloriam
1952 2002 2017 2066 1.
2074 1998 2438 2068 Heofonas
2497 1993 2759 2066 hodia&
2814 1993 2960 2063 Go-

657 2111 817 2194 Dei,
852 2121 924 2181 et
971 2135 1187 2202 opera
1231 2135 1574 2181 manuum
1611 2114 1766 2205 ejus
1848 2116 1970 2184 des
2024 2115 2323 2196 wuldor,
2375 2113 2516 2182 and
2566 2111 2680 2180 his
2730 2111 2960 2179 hand-

655 2227 1040 2297 annuntiat
1072 2228 1622 2297 firmamentum.
1847 2253 2167 2324 geweorc
2212 2226 2475 2299 hodia&
2506 2231 2685 2323 Pone
2720 2226 2955 2295 rodor.

758 2349 823 2413 2.
877 2344 1051 2413 Dies
1101 2344 1244 2413 diei
1297 2352 1573 2413 eructat
1613 2367 1768 2413 ver·
1949 2351 2016 2415 2.
2070 2346 2162 2415 Se
2212 2346 2377 2439 daeg
2426 2342 2600 2438 seg&
2631 2346 2793 2437 pam
2828 2338 2958 2410 0&-

656 2459 850 2542 bum,
911 2469 982 2529 et
1042 2484 1185 2529 nox
1244 2460 1435 2530 nocti
1495 2460 1766 2530 indicat
1846 2484 2009 2531 rum
2064 2464 2268 2555 daege
2329 2460 2562 2530 Godes
2622 2458 2956 2538 wundru,

652 2574 1046 2646 scientiam.
1847 2580 1988 2646 and
2023 2600 2142 2647 seo
2178 2577 2340 2646 niht
2373 2580 2561 2673 paere
2588 2575 2787 2644 nihte
2814 2569 2956 2665 ργῖἳ

1847 2694 2080 2765 Godes
2117 2694 2436 2763 wisdom.

755 2817 822 2881 3.
876 2810 1043 2880 Non
1078 2820 1249 2881 sunt
1282 2813 1607 2902 loquelae,
1643 2832 1766 2878 ne·
1947 2817 2014 2881 3.
2053 2811 2188 2880 Nis
2211 2834 2354 2879 nan
2379 2811 2520 2881 sole
2544 2832 2636 2878 on
2663 2806 2953 2888 eor'ssan,

650 2950 789 3019 que
839 2950 1219 3010 sermones,
1254 2949 1559 3018 quorum
1612 2948 1756 2995 non
1839 2952 1929 2997 ne
1964 2950 2107 2996 nan
2142 2925 2460 2996 mennisc
2505 2926 2833 3020 gepeode,
2866 2926 2954 3017 pe

648 3043 1035 3112 audientur
1067 3066 1268 3112 voces
1303 3065 1571 3111 eorum.
1839 3067 1928 3114 ne
1978 3067 2156 3138 gyre
2201 3042 2508 3112 mistlica
2550 3041 2783 3112 Godes
2831 3063 2956 3135 ge-

1842 3160 2127 3229 sceafta.

753 3277 821 3343 4.
876 3272 962 3342 In
1014 3294 1295 3341 omnem
1339 3279 1603 3341 terram
1640 3294 1761 3340 ex·
1944 3280 2011 3346 4.
2065 3275 2242 3345 Ofer
2276 3276 2451 3343 ealle
2478 3271 2741 3343 eorssan
2767 3271 2954 3342 faerts'

647 3388 784 3458 ivit
817 3411 1032 3457 sonus
1067 3410 1336 3470 eorum,
1370 3396 1443 3456 et
1476 3387 1553 3457 in
1586 3387 1761 3458 fines
1843 3392 2062 3461 heora
2096 3399 2351 3474 stemn,
2386 3389 2538 3459 ofer
2590 3391 2763 3459 ealle
2799 3411 2953 3457 eor-

650 3504 842 3575 orbis
878 3513 1091 3573 terrae
1127 3502 1342 3572 verba
1374 3527 1644 3574 eorum.
1841 3505 1986 3576 'San
2020 3509 2237 3577 endas
2271 3506 2490 3576 heora
2523 3506 2743 3575 word.

751 3625 819 3690 5.
875 3620 963 3689 In
1023 3621 1168 3687 sole
1228 3619 1469 3709 posuit
1528 3621 1765 3690 taber·
1943 3628 2011 3693 5.
2065 3622 2377 3693 Drihten
2437 3620 2785 3690 timbrede
2835 3619 2950 3688 his

649 3739 984 3806 naculum
1011 3757 1268 3819 suum3
1307 3743 1380 3804 et
1405 3735 1557 3825 ipse
1581 3745 1764 3805 tam·
1844 3742 2066 3830 templ
2102 3763 2195 3808 on
2240 3741 2428 3833 Paere
2464 3756 2780 3807 sunnan:
2831 3759 2951 3805 seo

644 3876 863 3943 quam
900 3871 1200 3942 sponsus
1248 3853 1634 3943 procedens
1675 3854 1761 3921 de
1844 3877 2069 3923 sunne
2138 3853 2315 3923 arist
2381 3850 2603 3923 swisse
2688 3875 2792 3922 aer
2855 3875 2950 3920 on

647 3970 965 4039 thalamo
999 3991 1151 4037 suo,
1843 3993 2140 4064 morgen
2189 3993 2311 4062 up,
2347 3993 2497 4039 swa
2547 3993 2695 4039 swa
2737 3970 2953 4061 bryd-

1837 4109 2058 4180 guma
2090 4087 2174 4156 of
2198 4086 2312 4155 his
2348 4084 2759 4177 bryd-bure.

749 4197 816 4269 6.
870 4198 1251 4269 Exultavit
1285 4209 1368 4270 ut
1414 4201 1620 4296 gigas
1664 4203 1755 4270 ad
1940 4198 2005 4270 6.
2093 4200 2265 4269 And
2333 4201 2469 4270 heo
2544 4200 2733 4293 yma
2799 4225 2951 4274 swa

642 4318 1068 4387 currendam
1120 4315 1332 4399 viam,
1378 4340 1423 4386 a
1474 4339 1755 4386 summo
1836 4317 2132 4412 egeslice
2191 4342 2284 4387 on
2335 4320 2513 4411 hyre
2565 4342 2747 4414 weg,
2798 4342 2950 4388 swa

645 4437 819 4505 caelo
853 4427 1162 4528 egressio
1200 4433 1261 4525 ej
1271 4455 1378 4514 uS,
1414 4441 1485 4502 et
1512 4455 1754 4503 occur-
1835 4454 1985 4503 swa
2010 4432 2263 4528 gigant
2284 4431 2473 4525 yrnvzs
2498 4458 2590 4503 on
2612 4434 2725 4506 his
2751 4458 2908 4529 weg
2920 4458 2944 4516 -;
