<?xml version="1.0" encoding="UTF-8"?>
<!DOCTYPE html PUBLIC "-//W3C//DTD XHTML 1.0 Transitional//EN"
    "http://www.w3.org/TR/xhtml1/DTD/xhtml1-transitional.dtd">
<html xmlns="http://www.w3.org/1999/xhtml" xml:lang="en" lang="en">
 <head>
  <title>
</title>
<meta http-equiv="Content-Type" content="text/html;charset=utf-8" />
  <meta name='ocr-system' content='tesseract 3.04.00' />
  <meta name='ocr-capabilities' content='ocr_page ocr_carea ocr_par ocr_line ocrx_word'/>
</head>
<body>
  <div class='ocr_page' id='page_1' title='image "./libripsalmorum00unkngoog_0222.png"; bbox 0 0 3254 5326; ppageno 0'>
   <div class='ocr_carea' id='block_1_1' title="bbox 712 296 861 364">
    <p class='ocr_par' dir='ltr' id='par_1_1' title="bbox 712 296 861 364">
     <span class='ocr_line' id='line_1_1' title="bbox 712 296 861 364; baseline -0.007 0"><span class='ocrx_word' id='word_1_1' title='bbox 712 296 861 364; x_wconf 77' lang='lat'>210</span> 
     </span>
    </p>
   </div>
   <div class='ocr_carea' id='block_1_2' title="bbox 707 476 1819 795">
    <p class='ocr_par' dir='ltr' id='par_1_2' title="bbox 707 476 1819 795">
     <span class='ocr_line' id='line_1_2' title="bbox 814 476 1818 551; baseline -0.001 -2"><span class='ocrx_word' id='word_1_2' title='bbox 814 483 932 549; x_wconf 77' lang='lat'>32.</span> <span class='ocrx_word' id='word_1_3' title='bbox 986 476 1090 548; x_wconf 90' lang='lat' dir='ltr'>Et</span> <span class='ocrx_word' id='word_1_4' title='bbox 1122 477 1533 551; x_wconf 85' lang='lat' dir='ltr'>defecerunt</span> <span class='ocrx_word' id='word_1_5' title='bbox 1574 479 1653 549; x_wconf 93' lang='lat' dir='ltr'>in</span> <span class='ocrx_word' id='word_1_6' title='bbox 1697 502 1818 549; x_wconf 84' lang='lat' dir='ltr'>va-</span> 
     </span>
     <span class='ocr_line' id='line_1_3' title="bbox 711 595 1819 679; baseline 0.001 -14"><span class='ocrx_word' id='word_1_7' title='bbox 711 595 938 666; x_wconf 85' lang='lat' dir='ltr'>nitate</span> <span class='ocrx_word' id='word_1_8' title='bbox 992 595 1143 666; x_wconf 83' lang='lat' dir='ltr'>dies</span> <span class='ocrx_word' id='word_1_9' title='bbox 1197 619 1466 679; x_wconf 86' lang='lat' dir='ltr'>eorum,</span> <span class='ocrx_word' id='word_1_10' title='bbox 1519 605 1591 666; x_wconf 92' lang='lat' dir='ltr'>et</span> <span class='ocrx_word' id='word_1_11' title='bbox 1646 595 1819 666; x_wconf 89' lang='lat' dir='ltr'>anni</span> 
     </span>
     <span class='ocr_line' id='line_1_4' title="bbox 707 713 1649 795; baseline -0.001 -13"><span class='ocrx_word' id='word_1_12' title='bbox 707 735 978 795; x_wconf 87' lang='lat' dir='ltr'>eorum,</span> <span class='ocrx_word' id='word_1_13' title='bbox 1013 736 1176 784; x_wconf 90' lang='lat' dir='ltr'>cum</span> <span class='ocrx_word' id='word_1_14' title='bbox 1211 713 1649 784; x_wconf 82' lang='lat' dir='ltr'><strong>festinantia.</strong></span> 
     </span>
    </p>
   </div>
   <div class='ocr_carea' id='block_1_3' title="bbox 706 944 1818 1828">
    <p class='ocr_par' dir='ltr' id='par_1_3' title="bbox 706 944 1818 1365">
     <span class='ocr_line' id='line_1_5' title="bbox 812 944 1815 1029; baseline 0.001 -14"><span class='ocrx_word' id='word_1_15' title='bbox 812 949 929 1015; x_wconf 91' lang='grc'>33.</span> <span class='ocrx_word' id='word_1_16' title='bbox 1013 945 1198 1015; x_wconf 92' lang='lat' dir='ltr'>Cum</span> <span class='ocrx_word' id='word_1_17' title='bbox 1264 944 1615 1016; x_wconf 87' lang='lat' dir='ltr'>occideret</span> <span class='ocrx_word' id='word_1_18' title='bbox 1674 968 1815 1029; x_wconf 76' lang='lat' dir='ltr'>coe,</span> 
     </span>
     <span class='ocr_line' id='line_1_6' title="bbox 706 1061 1818 1152; baseline 0.003 -22"><span class='ocrx_word' id='word_1_19' title='bbox 706 1070 879 1132; x_wconf 92' lang='lat' dir='ltr'>tunc</span> <span class='ocrx_word' id='word_1_20' title='bbox 956 1061 1418 1152; x_wconf 88' lang='lat' dir='ltr'>inquirebant</span> <span class='ocrx_word' id='word_1_21' title='bbox 1485 1085 1674 1145; x_wconf 90' lang='lat' dir='ltr'>eum,</span> <span class='ocrx_word' id='word_1_22' title='bbox 1743 1072 1818 1133; x_wconf 88' lang='lat' dir='ltr'>et</span> 
     </span>
     <span class='ocr_line' id='line_1_7' title="bbox 708 1178 1811 1260; baseline 0 -12"><span class='ocrx_word' id='word_1_23' title='bbox 708 1178 1325 1260; x_wconf 80' lang='lat' dir='ltr'>convertebantur,</span> <span class='ocrx_word' id='word_1_24' title='bbox 1360 1186 1432 1246; x_wconf 94' lang='lat' dir='ltr'>et</span> <span class='ocrx_word' id='word_1_25' title='bbox 1483 1187 1652 1247; x_wconf 88' lang='lat' dir='ltr'>ante</span> <span class='ocrx_word' id='word_1_26' title='bbox 1702 1180 1811 1248; x_wconf 90' lang='lat' dir='ltr'>lu-</span> 
     </span>
     <span class='ocr_line' id='line_1_8' title="bbox 709 1294 1620 1365; baseline 0.002 -2"><span class='ocrx_word' id='word_1_27' title='bbox 709 1317 860 1364; x_wconf 87' lang='lat' dir='ltr'>cem</span> <span class='ocrx_word' id='word_1_28' title='bbox 895 1294 1274 1364; x_wconf 85' lang='lat' dir='ltr'>veniebant</span> <span class='ocrx_word' id='word_1_29' title='bbox 1308 1295 1399 1363; x_wconf 92' lang='lat' dir='ltr'>ad</span> <span class='ocrx_word' id='word_1_30' title='bbox 1435 1316 1620 1365; x_wconf 89' lang='lat' dir='ltr'>eum.</span> 
     </span>
    </p>

    <p class='ocr_par' dir='ltr' id='par_1_4' title="bbox 708 1407 1818 1828">
     <span class='ocr_line' id='line_1_9' title="bbox 822 1407 1817 1483; baseline 0.003 -4"><span class='ocrx_word' id='word_1_31' title='bbox 822 1414 939 1480; x_wconf 82' lang='lat'>34.</span> <span class='ocrx_word' id='word_1_32' title='bbox 1028 1407 1132 1478; x_wconf 91' lang='lat' dir='ltr'>Et</span> <span class='ocrx_word' id='word_1_33' title='bbox 1198 1411 1577 1480; x_wconf 87' lang='lat' dir='ltr'>memorati</span> <span class='ocrx_word' id='word_1_34' title='bbox 1644 1422 1817 1483; x_wconf 84' lang='lat' dir='ltr'>sunt</span> 
     </span>
     <span class='ocr_line' id='line_1_10' title="bbox 710 1525 1814 1619; baseline 0.002 -24"><span class='ocrx_word' id='word_1_35' title='bbox 710 1525 884 1617; x_wconf 88' lang='lat' dir='ltr'>quia</span> <span class='ocrx_word' id='word_1_36' title='bbox 942 1525 1140 1595; x_wconf 85' lang='lat' dir='ltr'>Deus</span> <span class='ocrx_word' id='word_1_37' title='bbox 1210 1527 1500 1619; x_wconf 85' lang='lat' dir='ltr'>adjutor</span> <span class='ocrx_word' id='word_1_38' title='bbox 1566 1550 1814 1597; x_wconf 88' lang='lat' dir='ltr'>eorum</span> 
     </span>
     <span class='ocr_line' id='line_1_11' title="bbox 708 1641 1818 1725; baseline 0.003 -14"><span class='ocrx_word' id='word_1_39' title='bbox 708 1650 838 1725; x_wconf 88' lang='lat' dir='ltr'>est,</span> <span class='ocrx_word' id='word_1_40' title='bbox 891 1649 962 1711; x_wconf 89' lang='lat' dir='ltr'>et</span> <span class='ocrx_word' id='word_1_41' title='bbox 1024 1641 1223 1711; x_wconf 84' lang='lat' dir='ltr'>Deus</span> <span class='ocrx_word' id='word_1_42' title='bbox 1274 1643 1591 1713; x_wconf 83' lang='lat' dir='ltr'>excelsus</span> <span class='ocrx_word' id='word_1_43' title='bbox 1643 1643 1818 1714; x_wconf 86' lang='lat' dir='ltr'>libe-</span> 
     </span>
     <span class='ocr_line' id='line_1_12' title="bbox 708 1765 1353 1828; baseline -0.002 0"><span class='ocrx_word' id='word_1_44' title='bbox 708 1766 907 1828; x_wconf 87' lang='lat' dir='ltr'>rator</span> <span class='ocrx_word' id='word_1_45' title='bbox 942 1779 1189 1826; x_wconf 91' lang='lat' dir='ltr'>eorum</span> <span class='ocrx_word' id='word_1_46' title='bbox 1225 1765 1353 1827; x_wconf 83' lang='lat' dir='ltr'>est.</span> 
     </span>
    </p>
   </div>
   <div class='ocr_carea' id='block_1_4' title="bbox 709 2100 1816 2401">
    <p class='ocr_par' dir='ltr' id='par_1_5' title="bbox 709 2100 1816 2401">
     <span class='ocr_line' id='line_1_13' title="bbox 799 2100 1815 2173; baseline 0.003 -3"><span class='ocrx_word' id='word_1_47' title='bbox 799 2104 917 2171; x_wconf 86' lang='grc'><strong>35.</strong></span> <span class='ocrx_word' id='word_1_48' title='bbox 955 2100 1061 2171; x_wconf 83' lang='lat' dir='ltr'>Et</span> <span class='ocrx_word' id='word_1_49' title='bbox 1092 2101 1501 2172; x_wconf 86' lang='lat' dir='ltr'>dilexerunt</span> <span class='ocrx_word' id='word_1_50' title='bbox 1533 2126 1699 2173; x_wconf 89' lang='lat' dir='ltr'>eum</span> <span class='ocrx_word' id='word_1_51' title='bbox 1737 2104 1815 2173; x_wconf 91' lang='lat' dir='ltr'>in</span> 
     </span>
     <span class='ocr_line' id='line_1_14' title="bbox 709 2216 1816 2311; baseline 0.003 -26"><span class='ocrx_word' id='word_1_52' title='bbox 709 2239 829 2285; x_wconf 90' lang='lat' dir='ltr'>ore</span> <span class='ocrx_word' id='word_1_53' title='bbox 876 2239 1028 2300; x_wconf 80' lang='lat' dir='ltr'>suc,</span> <span class='ocrx_word' id='word_1_54' title='bbox 1064 2225 1136 2285; x_wconf 93' lang='lat' dir='ltr'>et</span> <span class='ocrx_word' id='word_1_55' title='bbox 1170 2216 1421 2311; x_wconf 84' lang='lat' dir='ltr'>lingua</span> <span class='ocrx_word' id='word_1_56' title='bbox 1454 2240 1585 2287; x_wconf 87' lang='lat' dir='ltr'>sua</span> <span class='ocrx_word' id='word_1_57' title='bbox 1618 2241 1816 2288; x_wconf 88' lang='lat' dir='ltr'>men-</span> 
     </span>
     <span class='ocr_line' id='line_1_15' title="bbox 709 2331 1155 2401; baseline 0.002 -1"><span class='ocrx_word' id='word_1_58' title='bbox 709 2331 829 2401; x_wconf 91' lang='lat' dir='ltr'>titi</span> <span class='ocrx_word' id='word_1_59' title='bbox 864 2340 1035 2401; x_wconf 87' lang='lat' dir='ltr'>sunt</span> <span class='ocrx_word' id='word_1_60' title='bbox 1069 2331 1155 2401; x_wconf 87' lang='lat' dir='ltr'>ei.</span> 
     </span>
    </p>
   </div>
   <div class='ocr_carea' id='block_1_5' title="bbox 706 2560 1813 2766">
    <p class='ocr_par' dir='ltr' id='par_1_6' title="bbox 706 2560 1813 2766">
     <span class='ocr_line' id='line_1_16' title="bbox 784 2560 1813 2634; baseline 0.001 -1"><span class='ocrx_word' id='word_1_61' title='bbox 784 2560 902 2633; x_wconf 90' lang='grc'><strong>36.</strong></span> <span class='ocrx_word' id='word_1_62' title='bbox 940 2562 1083 2633; x_wconf 90' lang='lat' dir='ltr'>Cor</span> <span class='ocrx_word' id='word_1_63' title='bbox 1108 2571 1349 2633; x_wconf 89' lang='lat' dir='ltr'>autem</span> <span class='ocrx_word' id='word_1_64' title='bbox 1385 2585 1633 2633; x_wconf 87' lang='lat' dir='ltr'>eorum</span> <span class='ocrx_word' id='word_1_65' title='bbox 1666 2586 1813 2634; x_wconf 90' lang='lat' dir='ltr'>non</span> 
     </span>
     <span class='ocr_line' id='line_1_17' title="bbox 706 2689 1812 2766; baseline 0 -15"><span class='ocrx_word' id='word_1_66' title='bbox 706 2689 861 2751; x_wconf 90' lang='lat' dir='ltr'>erat</span> <span class='ocrx_word' id='word_1_67' title='bbox 920 2689 1191 2752; x_wconf 87' lang='lat' dir='ltr'>rectum</span> <span class='ocrx_word' id='word_1_68' title='bbox 1255 2705 1417 2751; x_wconf 91' lang='lat' dir='ltr'>cum</span> <span class='ocrx_word' id='word_1_69' title='bbox 1476 2704 1610 2766; x_wconf 88' lang='lat' dir='ltr'>eo;</span> <span class='ocrx_word' id='word_1_70' title='bbox 1681 2704 1812 2751; x_wconf 89' lang='lat' dir='ltr'>nec</span> 
     </span>
    </p>
   </div>
   <div class='ocr_carea' id='block_1_6' title="bbox 704 2797 1812 3007">
    <p class='ocr_par' dir='ltr' id='par_1_7' title="bbox 704 2797 1812 3007">
     <span class='ocr_line' id='line_1_18' title="bbox 704 2797 1812 2868; baseline 0.001 -1"><span class='ocrx_word' id='word_1_71' title='bbox 704 2797 878 2867; x_wconf 83' lang='lat' dir='ltr'>fides</span> <span class='ocrx_word' id='word_1_72' title='bbox 920 2797 1172 2868; x_wconf 88' lang='lat' dir='ltr'>habita</span> <span class='ocrx_word' id='word_1_73' title='bbox 1217 2807 1324 2867; x_wconf 85' lang='lat' dir='ltr'>est</span> <span class='ocrx_word' id='word_1_74' title='bbox 1366 2797 1510 2868; x_wconf 86' lang='lat' dir='ltr'>illis</span> <span class='ocrx_word' id='word_1_75' title='bbox 1558 2797 1637 2868; x_wconf 91' lang='lat' dir='ltr'>in</span> <span class='ocrx_word' id='word_1_76' title='bbox 1672 2806 1812 2868; x_wconf 88' lang='lat' dir='ltr'>tes-</span> 
     </span>
     <span class='ocr_line' id='line_1_19' title="bbox 705 2916 1236 3007; baseline 0 -23"><span class='ocrx_word' id='word_1_77' title='bbox 705 2923 1024 2985; x_wconf 88' lang='lat' dir='ltr'>tamento</span> <span class='ocrx_word' id='word_1_78' title='bbox 1058 2916 1236 3007; x_wconf 80' lang='lat' dir='ltr'>ejus,</span> 
     </span>
    </p>
   </div>
   <div class='ocr_carea' id='block_1_7' title="bbox 702 3260 1811 4138">
    <p class='ocr_par' dir='ltr' id='par_1_8' title="bbox 702 3260 1811 3678">
     <span class='ocr_line' id='line_1_20' title="bbox 806 3260 1811 3352; baseline -0.001 -21"><span class='ocrx_word' id='word_1_79' title='bbox 806 3265 923 3337; x_wconf 83' lang='grc'><strong>37.</strong></span> <span class='ocrx_word' id='word_1_80' title='bbox 978 3260 1142 3352; x_wconf 85' lang='lat' dir='ltr'>Ipse</span> <span class='ocrx_word' id='word_1_81' title='bbox 1183 3271 1422 3331; x_wconf 87' lang='lat' dir='ltr'>autem</span> <span class='ocrx_word' id='word_1_82' title='bbox 1458 3269 1568 3330; x_wconf 85' lang='lat' dir='ltr'>est</span> <span class='ocrx_word' id='word_1_83' title='bbox 1599 3260 1811 3330; x_wconf 88' lang='lat' dir='ltr'>mise-</span> 
     </span>
     <span class='ocr_line' id='line_1_21' title="bbox 702 3374 1811 3468; baseline 0.003 -24"><span class='ocrx_word' id='word_1_84' title='bbox 702 3374 947 3459; x_wconf 76' lang='lat' dir='ltr'>ricurs,</span> <span class='ocrx_word' id='word_1_85' title='bbox 984 3386 1056 3447; x_wconf 88' lang='lat' dir='ltr'>et</span> <span class='ocrx_word' id='word_1_86' title='bbox 1109 3377 1466 3468; x_wconf 83' lang='lat' dir='ltr'>propitius</span> <span class='ocrx_word' id='word_1_87' title='bbox 1516 3377 1599 3446; x_wconf 92' lang='lat' dir='ltr'>fit</span> <span class='ocrx_word' id='word_1_88' title='bbox 1648 3399 1811 3468; x_wconf 89' lang='lat' dir='ltr'>pec-</span> 
     </span>
     <span class='ocr_line' id='line_1_22' title="bbox 704 3491 1810 3583; baseline 0.001 -23"><span class='ocrx_word' id='word_1_89' title='bbox 704 3491 881 3561; x_wconf 86' lang='lat' dir='ltr'>catis</span> <span class='ocrx_word' id='word_1_90' title='bbox 933 3515 1201 3574; x_wconf 87' lang='lat' dir='ltr'>eorum,</span> <span class='ocrx_word' id='word_1_91' title='bbox 1237 3501 1310 3562; x_wconf 90' lang='lat' dir='ltr'>et</span> <span class='ocrx_word' id='word_1_92' title='bbox 1357 3514 1504 3562; x_wconf 91' lang='lat' dir='ltr'>non</span> <span class='ocrx_word' id='word_1_93' title='bbox 1536 3491 1810 3583; x_wconf 88' lang='lat' dir='ltr'>disper-</span> 
     </span>
     <span class='ocr_line' id='line_1_23' title="bbox 706 3608 1000 3678; baseline 0.01 -3"><span class='ocrx_word' id='word_1_94' title='bbox 706 3608 827 3676; x_wconf 90' lang='lat' dir='ltr'>det</span> <span class='ocrx_word' id='word_1_95' title='bbox 861 3630 1000 3678; x_wconf 76' lang='lat' dir='ltr'>eos,</span> 
     </span>
    </p>

    <p class='ocr_par' dir='ltr' id='par_1_9' title="bbox 708 3721 1810 4138">
     <span class='ocr_line' id='line_1_24' title="bbox 811 3721 1810 3813; baseline 0.001 -21"><span class='ocrx_word' id='word_1_96' title='bbox 811 3728 928 3794; x_wconf 84' lang='lat'>38.</span> <span class='ocrx_word' id='word_1_97' title='bbox 983 3722 1087 3793; x_wconf 91' lang='lat' dir='ltr'>Et</span> <span class='ocrx_word' id='word_1_98' title='bbox 1155 3721 1659 3813; x_wconf 81' lang='lat' dir='ltr'>multiplicavit</span> <span class='ocrx_word' id='word_1_99' title='bbox 1725 3732 1810 3793; x_wconf 91' lang='lat' dir='ltr'>ut</span> 
     </span>
     <span class='ocr_line' id='line_1_25' title="bbox 708 3837 1806 3921; baseline 0 -14"><span class='ocrx_word' id='word_1_100' title='bbox 708 3846 1059 3908; x_wconf 88' lang='lat' dir='ltr'>averteret</span> <span class='ocrx_word' id='word_1_101' title='bbox 1093 3837 1277 3908; x_wconf 90' lang='lat' dir='ltr'>iram</span> <span class='ocrx_word' id='word_1_102' title='bbox 1311 3860 1516 3908; x_wconf 87' lang='lat' dir='ltr'>suam</span> <span class='ocrx_word' id='word_1_103' title='bbox 1550 3838 1643 3907; x_wconf 85' lang='lat' dir='ltr'>ab</span> <span class='ocrx_word' id='word_1_104' title='bbox 1681 3837 1806 3921; x_wconf 75' lang='lat' dir='ltr'>ei8‚</span> 
     </span>
     <span class='ocr_line' id='line_1_26' title="bbox 708 3951 1809 4024; baseline 0.001 -1"><span class='ocrx_word' id='word_1_105' title='bbox 708 3961 781 4024; x_wconf 90' lang='lat' dir='ltr'>et</span> <span class='ocrx_word' id='word_1_106' title='bbox 805 3976 950 4023; x_wconf 90' lang='lat' dir='ltr'>non</span> <span class='ocrx_word' id='word_1_107' title='bbox 976 3951 1296 4023; x_wconf 88' lang='lat' dir='ltr'>accendit</span> <span class='ocrx_word' id='word_1_108' title='bbox 1317 3975 1600 4023; x_wconf 88' lang='lat' dir='ltr'>omnem</span> <span class='ocrx_word' id='word_1_109' title='bbox 1624 3953 1809 4024; x_wconf 87' lang='lat' dir='ltr'>iram</span> 
     </span>
     <span class='ocr_line' id='line_1_27' title="bbox 709 4091 933 4138; baseline 0.004 -1"><span class='ocrx_word' id='word_1_110' title='bbox 709 4091 933 4138; x_wconf 85' lang='lat' dir='ltr'>suam.</span> 
     </span>
    </p>
   </div>
   <div class='ocr_carea' id='block_1_8' title="bbox 1681 292 2049 363">
    <p class='ocr_par' dir='ltr' id='par_1_10' title="bbox 1681 292 2049 363">
     <span class='ocr_line' id='line_1_28' title="bbox 1681 292 2049 363; baseline 0 0"><span class='ocrx_word' id='word_1_111' title='bbox 1681 292 2049 363; x_wconf 88' lang='lat' dir='ltr'><strong>LIBER</strong></span> 
     </span>
    </p>
   </div>
   <div class='ocr_carea' id='block_1_9' title="bbox 1906 472 3030 4393">
    <p class='ocr_par' dir='ltr' id='par_1_11' title="bbox 1906 472 3030 4393">
     <span class='ocr_line' id='line_1_29' title="bbox 2020 472 3017 573; baseline -0.007 -23"><span class='ocrx_word' id='word_1_112' title='bbox 2020 483 2137 550; x_wconf 73' lang='grc'><strong>32.</strong></span> <span class='ocrx_word' id='word_1_113' title='bbox 2187 474 2295 547; x_wconf 85' lang='lat' dir='ltr'>Hi</span> <span class='ocrx_word' id='word_1_114' title='bbox 2324 479 2544 548; x_wconf 86' lang='lat' dir='ltr'>heora</span> <span class='ocrx_word' id='word_1_115' title='bbox 2577 477 2861 573; x_wconf 86' lang='lat' dir='ltr'>dagena</span> <span class='ocrx_word' id='word_1_116' title='bbox 2892 472 3017 556; x_wconf 90' lang='lat' dir='ltr'>tid,</span> 
     </span>
     <span class='ocr_line' id='line_1_30' title="bbox 1916 593 2403 677; baseline -0.006 -11"><span class='ocrx_word' id='word_1_117' title='bbox 1916 597 2204 666; x_wconf 88' lang='lat' dir='ltr'>daedum</span> <span class='ocrx_word' id='word_1_118' title='bbox 2238 593 2403 677; x_wconf 94' lang='lat' dir='ltr'>idle,</span> 
     </span>
     <span class='ocr_line' id='line_1_31' title="bbox 1918 712 2855 805; baseline -0.005 -22"><span class='ocrx_word' id='word_1_119' title='bbox 1918 714 2060 783; x_wconf 85' lang='lat' dir='ltr'>and</span> <span class='ocrx_word' id='word_1_120' title='bbox 2093 712 2313 781; x_wconf 87' lang='lat' dir='ltr'>heora</span> <span class='ocrx_word' id='word_1_121' title='bbox 2344 732 2562 805; x_wconf 83' lang='lat' dir='ltr'>geara</span> <span class='ocrx_word' id='word_1_122' title='bbox 2594 729 2855 804; x_wconf 59' lang='grc' dir='ltr'>ἕως,</span> 
     </span>
     <span class='ocr_line' id='line_1_32' title="bbox 1918 822 2982 919; baseline -0.008 -19"><span class='ocrx_word' id='word_1_123' title='bbox 1918 851 2040 899; x_wconf 87' lang='lat' dir='ltr'>eac</span> <span class='ocrx_word' id='word_1_124' title='bbox 2073 835 2402 919; x_wconf 84' lang='lat' dir='ltr'>unnytte.</span> <span class='ocrx_word' id='word_1_125' title='bbox 2977 822 2982 826; x_wconf 68' lang='grc'><em>’</em></span> 
     </span>
     <span class='ocr_line' id='line_1_33' title="bbox 2019 933 3026 1028; baseline -0.009 -14"><span class='ocrx_word' id='word_1_126' title='bbox 2019 948 2136 1014; x_wconf 90' lang='grc'>33.</span> <span class='ocrx_word' id='word_1_127' title='bbox 2165 942 2403 1028; x_wconf 68' lang='lat' dir='ltr'>bonne</span> <span class='ocrx_word' id='word_1_128' title='bbox 2427 942 2519 1011; x_wconf 90' lang='lat' dir='ltr'>he</span> <span class='ocrx_word' id='word_1_129' title='bbox 2552 936 2634 1009; x_wconf 84' lang='lat' dir='ltr'>hi</span> <span class='ocrx_word' id='word_1_130' title='bbox 2657 933 2826 1009; x_wconf 59' lang='grc' dir='ltr'>Βᾶτε</span> <span class='ocrx_word' id='word_1_131' title='bbox 2848 936 3026 1018; x_wconf 77' lang='lat' dir='ltr'>sloh,</span> 
     </span>
     <span class='ocr_line' id='line_1_34' title="bbox 1912 1054 2781 1155; baseline -0.008 -25"><span class='ocrx_word' id='word_1_132' title='bbox 1912 1063 2144 1155; x_wconf 74' lang='lat' dir='ltr'>ponne</span> <span class='ocrx_word' id='word_1_133' title='bbox 2177 1054 2260 1128; x_wconf 85' lang='lat' dir='ltr'>hi</span> <span class='ocrx_word' id='word_1_134' title='bbox 2293 1058 2550 1128; x_wconf 88' lang='lat' dir='ltr'>sohton</span> <span class='ocrx_word' id='word_1_135' title='bbox 2583 1055 2781 1137; x_wconf 86' lang='lat' dir='ltr'>hine,</span> 
     </span>
     <span class='ocr_line' id='line_1_35' title="bbox 1914 1171 2762 1245; baseline -0.004 0"><span class='ocrx_word' id='word_1_136' title='bbox 1914 1177 2055 1245; x_wconf 83' lang='lat' dir='ltr'>and</span> <span class='ocrx_word' id='word_1_137' title='bbox 2089 1199 2193 1245; x_wconf 83' lang='lat' dir='ltr'>aer</span> <span class='ocrx_word' id='word_1_138' title='bbox 2227 1176 2462 1244; x_wconf 88' lang='lat' dir='ltr'>leohte</span> <span class='ocrx_word' id='word_1_139' title='bbox 2496 1182 2572 1244; x_wconf 90' lang='lat' dir='ltr'>to</span> <span class='ocrx_word' id='word_1_140' title='bbox 2605 1171 2762 1242; x_wconf 86' lang='lat' dir='ltr'>him</span> 
     </span>
     <span class='ocr_line' id='line_1_36' title="bbox 1916 1294 2565 1361; baseline -0.003 0"><span class='ocrx_word' id='word_1_141' title='bbox 1916 1294 2187 1361; x_wconf 86' lang='lat' dir='ltr'>lustum</span> <span class='ocrx_word' id='word_1_142' title='bbox 2223 1311 2565 1361; x_wconf 88' lang='lat' dir='ltr'>cwoman.</span> 
     </span>
     <span class='ocr_line' id='line_1_37' title="bbox 2016 1401 3029 1500; baseline -0.007 -23"><span class='ocrx_word' id='word_1_143' title='bbox 2016 1411 2136 1477; x_wconf 80' lang='lat'>34.</span> <span class='ocrx_word' id='word_1_144' title='bbox 2191 1404 2488 1498; x_wconf 50' lang='lat' dir='ltr'>Syfflffian</span> <span class='ocrx_word' id='word_1_145' title='bbox 2521 1401 2606 1475; x_wconf 79' lang='lat' dir='ltr'>hi-</span> <span class='ocrx_word' id='word_1_146' title='bbox 2640 1411 3029 1500; x_wconf 87' lang='lat' dir='ltr'>ongeaton‚</span> 
     </span>
     <span class='ocr_line' id='line_1_38' title="bbox 1914 1521 2714 1619; baseline -0.008 -24"><span class='ocrx_word' id='word_1_147' title='bbox 1914 1527 2058 1619; x_wconf 75' lang='lat' dir='ltr'>paet</span> <span class='ocrx_word' id='word_1_148' title='bbox 2092 1546 2263 1594; x_wconf 83' lang='lat' dir='ltr'>waes</span> <span class='ocrx_word' id='word_1_149' title='bbox 2299 1521 2459 1592; x_wconf 85' lang='lat' dir='ltr'>God</span> <span class='ocrx_word' id='word_1_150' title='bbox 2491 1522 2714 1591; x_wconf 87' lang='lat' dir='ltr'>heora</span> 
     </span>
     <span class='ocr_line' id='line_1_39' title="bbox 1916 1639 2401 1721; baseline 0 -13"><span class='ocrx_word' id='word_1_151' title='bbox 1916 1640 2078 1710; x_wconf 88' lang='lat' dir='ltr'>faele</span> <span class='ocrx_word' id='word_1_152' title='bbox 2110 1639 2401 1721; x_wconf 86' lang='lat' dir='ltr'>fultum,</span> 
     </span>
     <span class='ocr_line' id='line_1_40' title="bbox 1915 1754 2594 1850; baseline -0.003 -25"><span class='ocrx_word' id='word_1_153' title='bbox 1915 1756 2168 1826; x_wconf 90' lang='lat' dir='ltr'>freond</span> <span class='ocrx_word' id='word_1_154' title='bbox 2203 1764 2303 1826; x_wconf 90' lang='lat' dir='ltr'>aet</span> <span class='ocrx_word' id='word_1_155' title='bbox 2333 1754 2594 1850; x_wconf 65' lang='lat' dir='ltr'>12oeer</span> 
     </span>
     <span class='ocr_line' id='line_1_41' title="bbox 1916 1869 2451 1940; baseline 0 0"><span class='ocrx_word' id='word_1_156' title='bbox 1916 1893 2087 1940; x_wconf 83' lang='lat' dir='ltr'>waes</span> <span class='ocrx_word' id='word_1_157' title='bbox 2121 1871 2259 1940; x_wconf 88' lang='lat' dir='ltr'>hea</span> <span class='ocrx_word' id='word_1_158' title='bbox 2294 1869 2451 1940; x_wconf 88' lang='lat' dir='ltr'>God</span> 
     </span>
     <span class='ocr_line' id='line_1_42' title="bbox 1915 1985 2484 2077; baseline -0.002 -22"><span class='ocrx_word' id='word_1_159' title='bbox 1915 1985 2134 2056; x_wconf 85' lang='lat' dir='ltr'>heora</span> <span class='ocrx_word' id='word_1_160' title='bbox 2168 1987 2484 2077; x_wconf 84' lang='lat' dir='ltr'>alysend.</span> 
     </span>
     <span class='ocr_line' id='line_1_43' title="bbox 2017 2097 2836 2172; baseline -0.004 -1"><span class='ocrx_word' id='word_1_161' title='bbox 2017 2106 2134 2172; x_wconf 89' lang='grc'><strong>35.</strong></span> <span class='ocrx_word' id='word_1_162' title='bbox 2191 2101 2297 2171; x_wconf 93' lang='lat' dir='ltr'>Hi</span> <span class='ocrx_word' id='word_1_163' title='bbox 2328 2100 2501 2171; x_wconf 88' lang='lat' dir='ltr'>hine</span> <span class='ocrx_word' id='word_1_164' title='bbox 2534 2097 2836 2170; x_wconf 85' lang='lat' dir='ltr'>lufedan</span> 
     </span>
     <span class='ocr_line' id='line_1_44' title="bbox 1912 2215 2369 2300; baseline 0 -14"><span class='ocrx_word' id='word_1_165' title='bbox 1912 2221 2098 2287; x_wconf 82' lang='lat' dir='ltr'>lease</span> <span class='ocrx_word' id='word_1_166' title='bbox 2131 2215 2369 2300; x_wconf 50' lang='lat' dir='ltr'>musse,</span> 
     </span>
     <span class='ocr_line' id='line_1_45' title="bbox 1914 2320 2646 2429; baseline -0.004 -25"><span class='ocrx_word' id='word_1_167' title='bbox 1914 2320 2002 2404; x_wconf 85' lang='lat' dir='ltr'>ne</span> <span class='ocrx_word' id='word_1_168' title='bbox 2035 2337 2182 2429; x_wconf 72' lang='lat' dir='ltr'>paes</span> <span class='ocrx_word' id='word_1_169' title='bbox 2217 2356 2311 2403; x_wconf 92' lang='lat' dir='ltr'>on</span> <span class='ocrx_word' id='word_1_170' title='bbox 2345 2334 2646 2402; x_wconf 87' lang='lat' dir='ltr'>heortan</span> 
     </span>
     <span class='ocr_line' id='line_1_46' title="bbox 1912 2449 2523 2545; baseline 0 -27"><span class='ocrx_word' id='word_1_171' title='bbox 1912 2450 2243 2545; x_wconf 83' lang='lat' dir='ltr'>hogedan</span> <span class='ocrx_word' id='word_1_172' title='bbox 2276 2449 2523 2519; x_wconf 88' lang='lat' dir='ltr'>awiht.</span> 
     </span>
     <span class='ocr_line' id='line_1_47' title="bbox 2015 2560 2988 2638; baseline -0.004 -1"><span class='ocrx_word' id='word_1_173' title='bbox 2015 2564 2133 2637; x_wconf 91' lang='grc'><strong>36.</strong></span> <span class='ocrx_word' id='word_1_174' title='bbox 2186 2565 2362 2638; x_wconf 84' lang='lat' dir='ltr'>Naes</span> <span class='ocrx_word' id='word_1_175' title='bbox 2397 2564 2556 2634; x_wconf 86' lang='lat' dir='ltr'>him</span> <span class='ocrx_word' id='word_1_176' title='bbox 2586 2585 2681 2635; x_wconf 92' lang='lat' dir='ltr'>on</span> <span class='ocrx_word' id='word_1_177' title='bbox 2716 2560 2988 2635; x_wconf 53' lang='lat' dir='ltr'>hreffire</span> 
     </span>
     <span class='ocr_line' id='line_1_48' title="bbox 1910 2684 2436 2768; baseline -0.004 -15"><span class='ocrx_word' id='word_1_178' title='bbox 1910 2684 2158 2768; x_wconf 86' lang='lat' dir='ltr'>heorte</span> <span class='ocrx_word' id='word_1_179' title='bbox 2192 2684 2436 2764; x_wconf 70' lang='lat' dir='ltr'>claene,</span> 
     </span>
     <span class='ocr_line' id='line_1_49' title="bbox 1909 2794 2706 2892; baseline -0.001 -25"><span class='ocrx_word' id='word_1_180' title='bbox 1909 2821 1999 2892; x_wconf 89' lang='lat' dir='ltr'>ne</span> <span class='ocrx_word' id='word_1_181' title='bbox 2031 2794 2116 2867; x_wconf 83' lang='lat' dir='ltr'>hi</span> <span class='ocrx_word' id='word_1_182' title='bbox 2148 2821 2241 2868; x_wconf 89' lang='lat' dir='ltr'>on</span> <span class='ocrx_word' id='word_1_183' title='bbox 2273 2798 2706 2892; x_wconf 85' lang='lat' dir='ltr'>gewitnesse</span> 
     </span>
     <span class='ocr_line' id='line_1_50' title="bbox 1910 2910 2485 2996; baseline -0.005 -10"><span class='ocrx_word' id='word_1_184' title='bbox 1910 2910 2136 2986; x_wconf 84' lang='lat' dir='ltr'>wisne</span> <span class='ocrx_word' id='word_1_185' title='bbox 2169 2915 2485 2996; x_wconf 87' lang='lat' dir='ltr'>haefdon,</span> 
     </span>
     <span class='ocr_line' id='line_1_51' title="bbox 1910 3030 2558 3124; baseline -0.006 -22"><span class='ocrx_word' id='word_1_186' title='bbox 1910 3053 2004 3102; x_wconf 91' lang='lat' dir='ltr'>on</span> <span class='ocrx_word' id='word_1_187' title='bbox 2038 3030 2247 3100; x_wconf 87' lang='lat' dir='ltr'>hiora</span> <span class='ocrx_word' id='word_1_188' title='bbox 2277 3030 2558 3124; x_wconf 78' lang='lat' dir='ltr'>fyrhpe‚</span> 
     </span>
     <span class='ocr_line' id='line_1_52' title="bbox 1906 3146 2546 3243; baseline -0.006 -24"><span class='ocrx_word' id='word_1_189' title='bbox 1906 3147 2166 3219; x_wconf 83' lang='lat' dir='ltr'>faestne</span> <span class='ocrx_word' id='word_1_190' title='bbox 2197 3146 2546 3243; x_wconf 85' lang='lat' dir='ltr'>geleafan.</span> 
     </span>
     <span class='ocr_line' id='line_1_53' title="bbox 1973 3259 3030 3357; baseline -0.006 -22"><span class='ocrx_word' id='word_1_191' title='bbox 1973 3267 2069 3341; x_wconf 81' lang='grc'><strong>37</strong></span> <span class='ocrx_word' id='word_1_192' title='bbox 2080 3318 2096 3335; x_wconf 92' lang='grc'><strong>.</strong></span> <span class='ocrx_word' id='word_1_193' title='bbox 2123 3263 2240 3333; x_wconf 90' lang='lat' dir='ltr'>He</span> <span class='ocrx_word' id='word_1_194' title='bbox 2259 3265 2493 3357; x_wconf 75' lang='lat' dir='ltr'>ponne</span> <span class='ocrx_word' id='word_1_195' title='bbox 2519 3260 2582 3331; x_wconf 85' lang='lat' dir='ltr'>is</span> <span class='ocrx_word' id='word_1_196' title='bbox 2610 3259 3030 3341; x_wconf 68' lang='lat' dir='ltr'>mildheort5</span> 
     </span>
     <span class='ocr_line' id='line_1_54' title="bbox 1908 3375 2522 3449; baseline -0.005 0"><span class='ocrx_word' id='word_1_197' title='bbox 1908 3380 2050 3449; x_wconf 90' lang='lat' dir='ltr'>and</span> <span class='ocrx_word' id='word_1_198' title='bbox 2083 3375 2522 3449; x_wconf 53' lang='lat' dir='ltr'>mansswaere</span> 
     </span>
     <span class='ocr_line' id='line_1_55' title="bbox 1907 3492 2733 3587; baseline -0.005 -23"><span class='ocrx_word' id='word_1_199' title='bbox 1907 3494 2115 3564; x_wconf 88' lang='lat' dir='ltr'>hiora</span> <span class='ocrx_word' id='word_1_200' title='bbox 2147 3492 2683 3587; x_wconf 77' lang='lat' dir='ltr'>syren-daedum</span> <span class='ocrx_word' id='word_1_201' title='bbox 2713 3515 2733 3576; x_wconf 90' lang='lat'>;</span> 
     </span>
     <span class='ocr_line' id='line_1_56' title="bbox 1911 3603 2968 3703; baseline -0.001 -24"><span class='ocrx_word' id='word_1_202' title='bbox 1911 3611 2121 3679; x_wconf 89' lang='lat' dir='ltr'>nolde</span> <span class='ocrx_word' id='word_1_203' title='bbox 2154 3608 2233 3678; x_wconf 90' lang='lat' dir='ltr'>hi</span> <span class='ocrx_word' id='word_1_204' title='bbox 2260 3616 2337 3676; x_wconf 89' lang='lat' dir='ltr'>to</span> <span class='ocrx_word' id='word_1_205' title='bbox 2371 3606 2677 3698; x_wconf 87' lang='lat' dir='ltr'>ssymum</span> <span class='ocrx_word' id='word_1_206' title='bbox 2702 3603 2968 3703; x_wconf 80' lang='lat' dir='ltr'>ged6n.</span> 
     </span>
     <span class='ocr_line' id='line_1_57' title="bbox 2013 3722 3026 3818; baseline -0.002 -23"><span class='ocrx_word' id='word_1_207' title='bbox 2013 3729 2129 3795; x_wconf 90' lang='grc'><strong>38.</strong></span> <span class='ocrx_word' id='word_1_208' title='bbox 2187 3722 2304 3792; x_wconf 90' lang='lat' dir='ltr'>He</span> <span class='ocrx_word' id='word_1_209' title='bbox 2349 3727 2441 3817; x_wconf 73' lang='lat' dir='ltr'>pa</span> <span class='ocrx_word' id='word_1_210' title='bbox 2489 3722 2783 3818; x_wconf 87' lang='lat' dir='ltr'>manige</span> <span class='ocrx_word' id='word_1_211' title='bbox 2835 3725 3026 3794; x_wconf 88' lang='lat' dir='ltr'>fram</span> 
     </span>
     <span class='ocr_line' id='line_1_58' title="bbox 2259 3837 2416 3907; baseline -0.013 0"><span class='ocrx_word' id='word_1_212' title='bbox 2259 3837 2416 3907; x_wconf 92' lang='lat' dir='ltr'>him</span> 
     </span>
     <span class='ocr_line' id='line_1_59' title="bbox 1909 3947 2537 4047; baseline -0.005 -25"><span class='ocrx_word' id='word_1_213' title='bbox 1909 3947 2537 4047; x_wconf 66' lang='lat' dir='ltr'>man-gewyrhtan</span> 
     </span>
     <span class='ocr_line' id='line_1_60' title="bbox 1911 4068 2427 4160; baseline 0 -24"><span class='ocrx_word' id='word_1_214' title='bbox 1911 4090 2078 4160; x_wconf 88' lang='lat' dir='ltr'>yrre</span> <span class='ocrx_word' id='word_1_215' title='bbox 2111 4068 2427 4149; x_wconf 88' lang='lat' dir='ltr'>awende,</span> 
     </span>
     <span class='ocr_line' id='line_1_61' title="bbox 1910 4184 2440 4253; baseline -0.002 0"><span class='ocrx_word' id='word_1_216' title='bbox 1910 4185 2053 4253; x_wconf 87' lang='lat' dir='ltr'>eall</span> <span class='ocrx_word' id='word_1_217' title='bbox 2086 4206 2180 4252; x_wconf 91' lang='lat' dir='ltr'>ne·</span> <span class='ocrx_word' id='word_1_218' title='bbox 2209 4184 2440 4252; x_wconf 88' lang='lat' dir='ltr'>wolde</span> 
     </span>
     <span class='ocr_line' id='line_1_62' title="bbox 1908 4296 2570 4393; baseline 0 -27"><span class='ocrx_word' id='word_1_219' title='bbox 1908 4296 2345 4392; x_wconf 73' lang='lat' dir='ltr'>purh-hatne</span> <span class='ocrx_word' id='word_1_220' title='bbox 2378 4297 2570 4393; x_wconf 86' lang='lat' dir='ltr'>hyge</span> 
     </span>
    </p>
   </div>
   <div class='ocr_carea' id='block_1_10' title="bbox 1901 4409 2551 4506">
    <p class='ocr_par' dir='ltr' id='par_1_12' title="bbox 1901 4409 2551 4506">
     <span class='ocr_line' id='line_1_63' title="bbox 1901 4409 2551 4506; baseline 0.006 -27"><span class='ocrx_word' id='word_1_221' title='bbox 1901 4409 2268 4504; x_wconf 14' lang='lat' dir='ltr'>-haelessum</span> <span class='ocrx_word' id='word_1_222' title='bbox 2303 4414 2551 4506; x_wconf 72' lang='lat' dir='ltr'>cypan.</span> 
     </span>
    </p>
   </div>
  </div>
 </body>
</html>
