3254 5326
1060 339 1807 411 PSALMORUM.

384 533 451 596 2.
514 525 718 596 Sicut
785 535 1236 621 unguentum
1303 527 1383 596 in

270 642 535 734 capite,
603 644 794 733 quod
874 643 1239 713 descendit
1307 643 1384 712 in

268 758 599 840 barbam,
635 758 929 828 barbam
965 756 1234 841 Aaron,

369 1226 436 1290 3.
464 1219 677 1301 Quod
701 1220 1064 1290 descendit
1084 1219 1163 1289 in
1189 1241 1388 1289 oram

276 1335 690 1405 vestimenti
758 1336 818 1429 ej
826 1359 911 1405 us
937 1358 958 1420 3
1015 1335 1201 1406 sicut
1268 1358 1386 1406 ros

281 1452 634 1534 Hermon,
692 1451 820 1542 qui
887 1450 1249 1522 descendit
1308 1450 1387 1521 in

276 1577 599 1637 montem
634 1567 828 1638 Sion.

384 1916 453 1981 4.
507 1911 866 1993 Quoniam
911 1912 1058 1982 illic
1091 1913 1386 1982 manda-

2449 339 2592 413 393

1586 533 1654 596 2.
1692 525 1861 596 Swa
1892 530 2345 619 unguentum
2380 543 2592 615 maeg,

1485 640 1707 713 aessele
1742 649 2176 734 wyrt-cynn,

1485 758 1742 828 heafde
1775 756 2106 839 healdan,

1485 874 1699 943 hrore
1734 881 1995 956 stence,

1485 989 1638 1059 mid
1670 993 1766 1084 ΡΥ
1799 982 2053 1058 Aaron
2086 986 2201 1056 his
2238 986 2454 1058 heard

1487 1106 1595 1177 oft
1629 1106 2024 1198 asmyrede,

1591 1226 1659 1292 3.
1713 1220 1850 1290 Seo
1884 1217 2091 1289 niver
2124 1217 2355 1300 astah,

1486 1360 1580 1408 on
1612 1336 1729 1406 his
1764 1336 1991 1405 reafes
2025 1335 2271 1417 fnaed3

1486 1475 1641 1524 swa
1672 1454 1889 1548 aepele
1923 1453 2127 1521 deaw

1486 1591 1581 1638 on
1619 1567 2007 1649 Hermone,
2080 1628 2096 1651 ,

1486 1707 1562 1754 se
1595 1684 1751 1754 ofer
1784 1681 2250 1777 Sion-beorge

1487 1821 1774 1869 sneome
1809 1795 2109 1893 astigess.

1591 1919 1660 1984 4.
1717 1914 2004 2007 Forpon
2036 1913 2169 1982 her
2202 1912 2467 1983 bebead

280 2029 389 2099 vit
414 2030 770 2100 Dominus
798 2030 1383 2114 benedictionem,
1481 2030 1685 2125 halig
1720 2029 2034 2099 Drihten

279 2153 356 2216 et
390 2144 612 2215 vitam
646 2168 873 2236 usque
906 2145 984 2216 in
1018 2149 1356 2216 seculum.

1484 2147 1646 2217 lifes
1681 2147 2086 2241 bletsunga,

1486 2266 1699 2358 lange
1735 2271 1811 2331 to
1844 2262 2061 2345 feore,

1485 2380 1568 2450 of
1593 2380 1836 2475 Pisson
1870 2402 1995 2462 nu,

1484 2516 1645 2564 awa
1678 2503 1754 2564 to
1790 2495 2133 2564 worulde.

974 2690 1419 2755 PSALMUS
1468 2689 1900 2754 CXXXIII.

676 2819 983 2877 Canticum
1012 2818 1322 2897 graduum.
1408 2819 1548 2877 Vox
1579 2819 1860 2878 Ecclesiae
1889 2819 1951 2876 in
1978 2818 2207 2876 futuro.

390 2955 454 3020 1.
518 2948 705 3019 Ecce
756 2973 947 3019 nunc
997 2950 1391 3020 benedicite

286 3065 703 3150 Dominum,
737 3089 981 3138 omnes
1024 3067 1211 3136 servi
1245 3066 1393 3136 Do-

284 3180 485 3251 mini.

385 3414 453 3478 2.
482 3408 628 3490 Qui
662 3409 868 3480 statis
894 3409 972 3480 in
998 3412 1212 3480 domo
1237 3409 1405 3481 Do-v

286 3523 486 3606 mini,
538 3524 615 3594 in
666 3524 870 3595 atriis
929 3527 1183 3596 domus
1248 3525 1387 3596 Dei

287 3637 536 3721 nostri,

384 4109 452 4173 3.
516 4104 603 4174 In
672 4103 1000 4174 noctibus
1066 4105 1387 4175 extollite

289 4243 538 4290 manus
573 4228 843 4290 vestras
895 4220 971 4290 in
1013 4231 1279 4305 sancta,
1315 4230 1389 4293 et

289 4334 677 4406 benedicite
711 4335 1127 4408 Dominum.

1594 2956 1661 3021 1.
1715 2950 1910 3020 Efne
1943 2949 2245 3021 bletsien
2279 2974 2380 3020 nu

1492 3064 1683 3136 blffie
1720 3064 2055 3149 Drihten,

1492 3184 1668 3251 ealle
1702 3181 1816 3251 his
1853 3205 2075 3276 agene

1490 3297 2123 3390 onbyht-scealcas.

1592 3420 1660 3483 2.
1716 3412 1823 3483 Ge
1856 3416 1940 3507 pe
1975 3437 2069 3484 on
2105 3412 2341 3484 Godes
2374 3413 2552 3483 huse

1486 3553 1772 3624 gearwe
1807 3528 2136 3614 standass,

1487 3646 1631 3714 and
1665 3668 1761 3719 on
1794 3646 2278 3716 cafer-tunum

1487 3759 1758 3830 Cristes
1790 3760 2031 3843 huseS,

1484 3899 1650 3946 ures
1683 3879 1831 3970 paes
1866 3876 2132 3970 halgan
2170 3875 2404 3947 Godes

1488 3991 1658 4060 held
1699 3989 2122 4086 begange⁹<53

1589 4112 1658 4177 3.
1715 4105 2025 4178 Hebba&
2058 4107 2397 4191 neodlice,

1487 4221 1696 4292 nihta
1728 4223 2198 4317 gehwylcere,

1488 4360 1723 4408 eowre
1754 4338 1996 4409 handa

1490 4476 1585 4523 on
1617 4453 1820 4548 halig
1852 4450 1979 4536 lo‘f,
