3254 5326
645 285 770 354 viii
1481 284 2119 357 PRAEFATIO.

639 463 833 538 alias
867 475 1163 561 genteS,
1192 464 1274 537 in
1309 464 1607 539 litteras
1629 464 2101 539 Teutonicas
2138 465 2614 565 antiquiores
2645 465 2943 539 incum-

638 588 860 674 bunt,
899 613 1128 663 nemo
1179 589 1324 663 erit
1376 588 1567 686 quin
1621 589 1914 686 gratias
1966 589 2315 686 agendas
2366 614 2534 664 esse
2586 590 2941 664 fateatur.

639 709 900 796 Quam
961 711 1166 785 bene
1224 712 1324 785 de
1377 710 1498 786 his
1557 711 1837 786 litteris
1897 712 2175 786 merita
2233 713 2332 787 sit
2394 713 2712 787 illustris
2772 713 2941 787 haec

637 834 1076 910 Academia
1128 837 1409 910 melius
1470 837 1732 935 eloqui
1795 862 1951 911 non
2011 862 2328 937 possum
2389 862 2627 935 quam
2683 837 2941 911 verbis

638 960 927 1057 quibus
958 961 1204 1036 utitur
1236 962 1572 1037 eximius
1619 961 2062 1062 philologus
2096 962 2149 1036 J
2153 987 2443 1038 AcoBUs
2483 962 2803 1050 GRIMM,
2841 962 2940 1037 de

634 1083 1075 1181 fragmento
1140 1084 1469 1183 loquens
1530 1083 1896 1157 Psalterii
1958 1109 2211 1182 nuper
2270 1096 2598 1183 reperto,
2661 1096 2738 1159 et
2798 1109 2936 1159 sex

633 1219 942 1282 tantum
979 1220 1114 1282 aut
1155 1219 1456 1307 septem
1504 1207 1955 1282 continente
1991 1206 2371 1294 Psalmos,
2416 1208 2750 1283 dialecto
2785 1209 2939 1283 alia

636 1332 1072 1417 Teutonica
1106 1334 1435 1433 scriptos
1474 1359 1491 1406 ε
1548 1345 1592 1376 “
1632 1333 1949 1420 Quanto
1986 1332 2164 1430 plus
2211 1332 2633 1408 dolendum
2685 1347 2803 1408 est
2837 1335 2937 1408 ob

636 1468 680 1498 ‘⁴
718 1482 850 1532 eos
900 1458 1037 1556 qui
1089 1458 1376 1558 perditi
1430 1469 1636 1547 sunt,
1686 1468 1907 1533 tanto
1957 1459 2209 1556 magis
2270 1470 2666 1534 merentur
2716 1458 2798 1533 hi
2849 1470 2938 1533 ut

637 1592 681 1622 “
718 1582 1018 1682 publici
1040 1581 1245 1682 juris
1280 1580 1592 1656 fiantk.”

713 1808 747 1851 k
787 1811 868 1868 So
894 1809 1405 1869 bedauernswerth
1434 1810 1536 1868 der
1564 1807 1787 1867 verlust
1815 1809 1917 1868 des
1944 1809 2189 1886 iibrigen
2216 1808 2313 1877 ist,
2343 1828 2407 1866 so
2435 1807 2567 1865 sehr
2592 1807 2930 1866 verdienten

633 1907 790 1966 diese
817 1907 1142 1985 fragmente
1170 1905 1272 1965 des
1300 1907 1572 1966 zwo’lften
1597 1907 1741 1965 oder
1767 1906 1952 1965 elften
1985 1905 2402 1984 jahrhunderts
2443 1902 2538 1963 die
2577 1905 2931 1983 herausgabe

632 2006 851 2064 welche
879 2005 985 2063 wir
1011 2005 1138 2064 hier
1167 2006 1277 2063 auf
1294 2005 1396 2064 das
1422 2005 1763 2084 genauigste
1788 2004 2246 2082 bewerkstelligt
2288 2003 2483 2061 seben.
2569 2002 2669 2061 Sie
2697 2003 2930 2061 reichen

634 2125 748 2164 von
795 2105 892 2161 Ps.
923 2121 1195 2161 Lxxxrx.
1228 2100 1322 2171 17.
1364 2103 1455 2162 bis
1496 2121 1639 2161 xcv.
1668 2104 1727 2163 9.
1813 2102 1937 2160 Jac.
1969 2101 2214 2160 Grimm.
2302 2100 2466 2159 Gb'tt.
2498 2099 2629 2158 Gel.
2659 2102 2803 2158 Anz.
2827 2100 2930 2157 fiir

635 2204 806 2261 Merz
838 2201 1013 2260 1833.
