3254 5326
574 277 648 346 vi
1397 268 2035 342 PRAEFATIO.

577 456 978 555 adscripta
1010 453 1406 529 indicatur
1437 451 1908 527 Wulfwinus
1944 449 2167 541 Cada
2201 448 2463 536 fuisse,
2500 446 2714 521 aliud
2760 445 2876 520 ni·

576 579 691 654 hil
728 580 829 653 ad
863 602 1006 652 nos
1047 575 1472 677 pervenitd.

677 700 1196 778 Codicis—de
1231 698 1457 799 cujus
1491 697 1675 773 fatis
1708 697 1904 771 nihil
1940 706 2429 795 compertum
2475 692 2879 780 habemuS,

577 828 730 903 nisi
752 826 961 925 quod
990 826 1174 900 olim
1203 823 1442 898 fuerit
1467 847 1713 923 penes
1734 823 1787 897 J
1791 846 2127 897 oannem
2151 820 2462 893 Ducem
2487 816 2815 892 Bituriae
2828 830 2878 905 θ,

578 952 898 1027 fratrem
934 949 1194 1025 Caroli
1229 948 1485 1048 quinti
1524 947 1933 1023 Gallorum
1981 946 2208 1044 regiS,
2246 945 2472 1045 cujus
2505 944 2687 1018 libri
2723 969 2884 1019 ma-

577 1077 962 1174 nuscripti
998 1075 1515 1150 Bibliothecae
1551 1073 1825 1170 Regiae
1862 1071 2328 1147 Parisiensis
2374 1095 2558 1169 pars
2602 1070 2884 1169 pretio-

578 1202 886 1277 sissima
920 1200 1457 1275 sunt—forma
1491 1197 1814 1297 infolio,
1838 1210 1926 1271 ut
1952 1197 2262 1283 dicitur,
2287 1206 2427 1282 est,
2452 1195 2783 1270 duarum
2806 1207 2885 1270 et

578 1327 857 1425 viginti
883 1327 1296 1401 unciarum
1329 1325 1903 1422 longitudinem
1940 1335 2017 1398 et
2050 1333 2353 1421 septem
2387 1322 2884 1396 latitudinem

579 1449 908 1525 habens.
1015 1449 1378 1548 Scriptus
1428 1460 1546 1523 est
1598 1449 1680 1521 in
1733 1448 2215 1535 membrana,
2269 1447 2599 1547 picturis
2650 1446 2885 1520 nullis

579 1587 900 1665 ornata3
953 1574 1091 1648 sed
1125 1573 1387 1647 littera
1422 1570 1744 1645 initialis
1777 1570 2397 1670 uniuscujusque
2431 1593 2702 1644 versus
2750 1579 2887 1643 aut

582 1700 972 1774 coloribus
1033 1698 1405 1772 distincta
1466 1708 1602 1771 aut
1663 1696 2039 1770 deaurata
2098 1706 2240 1770 est.
2345 1694 2574 1770 Corio
2627 1696 2884 1781 rubro,

581 1823 793 1921 quod
855 1821 1283 1895 Turcicum
1344 1820 1814 1919 appellatur,
1878 1830 2334 1918 compactus
2402 1830 2543 1905 est,
2606 1828 2683 1892 et
2752 1842 2885 1891 ex-

581 1944 802 2019 hibet
852 1945 1237 2043 impressa
1273 1943 1655 2019 Ludovici
1690 1943 1877 2018 XV.
1914 1942 2277 2041 insignia.
2385 1943 2696 2018 Desunt
2748 1940 2885 2015 ali-

581 2081 772 2167 quot
821 2070 1157 2167 paginae,
1194 2094 1392 2166 quas
1442 2070 1828 2143 barbarus
1879 2068 2143 2143 nescio
2180 2068 2357 2167 quis
2404 2068 2701 2143 excidit
2748 2091 2884 2140 seu

583 2194 843 2292 potius
895 2194 1181 2268 evellit.
1295 2193 1605 2291 Pagina
1654 2217 1993 2293 quaeque
2045 2194 2353 2269 duabus
2404 2205 2710 2268 constat
2761 2216 2886 2266 co-

582 2316 895 2404 lumniS,
948 2316 1231 2391 Latina
1283 2316 1584 2392 scilicet
1637 2327 1714 2390 et
1766 2316 2185 2392 Saxonica.
2292 2317 2568 2393 Versio
2607 2317 2891 2391 Latina

585 2440 882 2514 nullam
931 2441 1125 2515 mihi
1174 2442 1567 2539 cognitam
1611 2441 1929 2516 omnino
1963 2439 2223 2528 refert,
2260 2440 2398 2515 sed
2453 2441 2552 2514 ad
2607 2451 2651 2482 “
2692 2440 2896 2515 Ver-.

585 2564 880 2638 sionem
915 2564 1350 2663 Antiquam
1389 2565 1915 2640 Romanamf”
1952 2565 2306 2663 proxime
2343 2564 2671 2639 accedit.
2758 2565 2887 2638 Ex

585 2689 918 2766 rubricis
974 2690 1274 2764 Latinis
1335 2690 1693 2789 plurimae
1756 2689 1951 2763 adeo
2002 2702 2306 2765 scatent
2358 2689 2886 2776 barbarismis,

585 2827 674 2890 ut
732 2817 865 2891 vix
928 2814 1259 2914 intelligi
1321 2815 1648 2915 possint.
1771 2814 2070 2889 Praeter
2130 2813 2483 2889 rubricas
2544 2813 2686 2888 has
2740 2813 2887 2887 La-

584 2942 814 3029 tinaS,
868 2941 1408 3039 unusquisque
1462 2940 1850 3027 Psalmus‚
1904 2940 2158 3038 primo
2208 2952 2607 3038 exceptoff,
2662 2938 2742 3010 in
2797 2962 2893 3011 ea

656 3154 689 3199 (¹
715 3158 858 3214 Non
872 3155 1105 3213 videtur
1122 3155 1358 3213 omnino
1374 3154 1713 3213 incredibile
1732 3154 1989 3213 codicem
2006 3164 2270 3212 nostrum
2288 3174 2423 3212 eum
2440 3174 2558 3211 non
2575 3174 2700 3212 esse
2717 3174 2891 3231 quem

589 3253 820 3332 scripsit
849 3252 1212 3309 Wulfwinus
1253 3251 1397 3330 ipse,
1427 3250 1529 3309 sed
1571 3249 2018 3328 descriptionem
2061 3251 2187 3328 ejus
2228 3272 2261 3308 a
2297 3251 2590 3308 Monacho
2619 3250 2893 3330 quopiam

591 3350 764 3410 Gallo
786 3351 998 3407 factam
1029 3348 1129 3425 qui
1154 3348 1456 3406 Saxonicae
1483 3347 1699 3425 linguae
1727 3367 1963 3426 prorsus
1990 3347 2226 3425 ignarus
2252 3357 2402 3405 esset
2421 3369 2441 3417 3
2470 3367 2578 3404 nec
2607 3331 2778 3405 facile
2805 3357 2892 3405 est

589 3446 783 3504 animo
811 3447 1113 3525 concipere
1141 3465 1362 3503 errores
1391 3465 1555 3524 paene
1581 3445 1917 3503 innumeros
1943 3446 2155 3522 quibus
2191 3445 2443 3503 refertus
2483 3455 2572 3502 est
2612 3443 2760 3502 liber
2787 3444 2893 3501 ali-

589 3544 747 3602 unde
789 3545 927 3601 oriri
969 3544 1266 3622 potuisse:
1314 3544 1414 3600 vix
1456 3544 1612 3601 enim
1653 3529 1850 3621 potuit
1891 3542 2015 3620 ipse
2059 3542 2420 3601 Wulfwinus
2459 3542 2522 3599 in
2563 3562 2669 3600 suo
2711 3540 2894 3619 ipsius

589 3642 826 3699 nomine
869 3640 1173 3698 scribendo
1201 3650 1321 3698 tam
1349 3640 1649 3717 negligens
1675 3640 1874 3698 fuisse.
1962 3640 2119 3699 Vide
2147 3642 2397 3699 fac-sim.
2427 3643 2540 3699 N0.
2564 3641 2622 3700 2.

674 3748 700 3779 θ
742 3738 1167 3816 Autographon
1211 3737 1467 3813 ejus—“
1497 3738 1579 3796 Ce
1620 3738 1767 3796 livre
1809 3749 1895 3797 est
1938 3759 2013 3796 au
2042 3739 2176 3796 Duc
2214 3738 2286 3797 de
2317 3739 2897 3819 Berry-Jehan”—-

590 3833 908 3892 videndum
940 3845 1026 3893 est
1055 3835 1302 3892 fac-sim.
1347 3835 1412 3892 N
1415 3848 1462 3891 0.
1493 3835 1553 3892 2.
1649 3835 1989 3894 Mirandum
2020 3848 2109 3898 est
2136 3836 2199 3895 in
2228 3837 2508 3915 opusculo
2537 3836 2630 3894 cui
2660 3836 2891 3904 tituluS,

596 3937 637 3963 “
667 3932 1082 4010 Bibliotheque
1112 3932 1717 4012 Protypographique,
1746 3953 1824 3990 ou
1845 3933 2161 3992 Librairies
2203 3933 2306 3992 des
2348 3933 2439 3991 fils
2470 3934 2548 3991 du
2579 3933 2693 3991 Roi
2722 3934 2763 3991 J
2766 3954 2892 4001 ean,

596 4036 635 4061 “
653 4029 893 4088 Charles
915 4030 1010 4100 V„
1041 4030 1081 4087 J
1084 4051 1191 4088 ean
1221 4030 1293 4087 de
1324 4030 1513 4097 Berri,
1546 4029 1821 4109 Philippe
1850 4030 1923 4089 de
1952 4032 2304 4109 Bourgogne
2332 4042 2392 4089 et
2419 4031 2505 4089 les
2533 4027 2734 4089 siens.''
2783 4031 2896 4088 Pa.

592 4126 691 4194 ris,
725 4126 902 4185 1830.
947 4126 1092 4198 4¹30„
1135 4128 1354 4186 nullam
1383 4127 1560 4205 hujus
1588 4127 1901 4186 voluminis
1928 4129 2283 4187 mentionem
2314 4127 2456 4186 fieri.

674 4221 700 4264 f
738 4223 836 4280 Ex
863 4225 970 4282 hac
998 4224 1263 4283 versione
1291 4225 1525 4283 lacunas
1554 4235 1755 4283 textus
1782 4225 1982 4282 Latini
2012 4225 2261 4303 explevi.

663 4331 697 4375 8
727 4320 1233 4379 Verisimillimum
1264 4333 1351 4380 est
1379 4322 1622 4400 primam
1646 4321 1959 4379 voluminis
1987 4322 2253 4400 paginam
2282 4321 2455 4401 primi
2480 4322 2695 4381 Psalmi
2725 4342 2896 4399 argu-

594 4428 859 4476 mentum
887 4417 1261 4488 continuisse,
1283 4429 1344 4477 et
1372 4420 1446 4477 ob
1474 4420 1760 4498 picturam
1790 4439 1905 4495 qua
1931 4429 2134 4476 ornata
2160 4419 2348 4477 fuerit·
2370 4421 2665 4497 abreptam
2695 4419 2894 4477 fuisse.
