3254 5326
1726 265 1856 327 444

638 358 894 484 LXXX.
937 445 993 483 v.
1022 445 1082 503 9.
1129 428 1262 486 Cod.
1291 428 1522 507 gebyrst
1540 449 1556 494 ;
1600 432 1664 485 it.
1687 447 1794 504 pro
1832 428 1977 507 aylfa
2016 433 2107 486 vix
2141 432 2333 487 dubito
2359 433 2491 507 quin
2525 431 2720 490 frecne
2761 435 2940 508 legen-

800 528 934 582 dum
972 528 1065 592 sit,
1096 529 1242 600 quod
1281 535 1337 584 et
1375 546 1559 584 sensus
1598 536 1655 585 et
1694 530 1996 585 alliceratio
2028 533 2333 603 postulant.
2416 531 2491 587 V.
2528 550 2622 607 13.
2663 533 2777 588 Pro
2817 531 2943 605 βει-

801 623 1018 676 omnino
1043 621 1151 677 Gif
1172 623 1475 695 legendum.

638 717 962 776 LXXXII.
1006 738 1054 776 v.
1085 719 1144 776 6.
1193 720 1324 776 Cod.
1353 721 1494 778 Tele
1519 732 1825 798 gesceotu:
1870 725 1932 779 it.
1962 721 2289 780 Israebelita.

636 814 992 874 LXXXIII.
1032 835 1089 873 v.
1127 834 1218 873 10.
1267 818 1399 875 Cod.
1429 816 1481 875 ic
1499 837 1606 893 pro
1635 817 1703 876 iz.

634 912 979 971 LXXXIV.
1021 933 1073 971 v.
1110 931 1201 971 12.
1251 915 1383 973 Cod.
1412 913 1557 987 pine
1576 936 1685 991 pro
1716 913 1895 974 Hine.

636 1013 943 1072 LXXXV.
987 1033 1036 1070 v.
1073 1031 1165 1088 13.
1214 1016 1343 1072 Cod.
1373 1014 1796 1093 gesamnincge.

632 1107 1007 1168 LXXXVII.
1049 1130 1099 1168 v.
1132 1125 1188 1187 5.
1235 1113 1367 1170 Cod.
1395 1130 1798 1190 geworpenne.
1880 1111 1956 1168 V.
1994 1129 2086 1186 13.
2128 1112 2195 1169 Ic
2236 1131 2329 1169 me
2370 1118 2441 1190 po
2481 1117 2566 1190 pe,
2592 1130 2699 1186 pro
2734 1113 2801 1170 Ic
2845 1132 2938 1171 me

868 1227 945 1263 nn
1167 1252 1181 1265 .

631 1212 1070 1360 LXXPXVIRIIt.o
1088 1213 1164 1360 {e
1169 1317 1226 1379 5.
1274 1304 1406 1360 Cod.
1436 1303 1702 1361 Drihten.
1786 1303 1861 1361 V.
1899 1320 1993 1360 11.
2025 1304 2142 1359 Pro
2177 1300 2367 1369 mode,
2400 1304 2617 1358 omnino
2659 1302 2828 1360 niode
2860 1305 2937 1359 le-

790 1400 1047 1472 gendum.
1131 1399 1204 1455 V.
1240 1417 1329 1471 14.
1372 1398 1597 1475 aeghaer.
1682 1398 1755 1454 V.
1794 1397 1887 1455 16.
1916 1394 2177 1453 mihtine.
2261 1396 2333 1453 V.
2372 1410 2462 1469 17.
2493 1397 2609 1452 Pro
2638 1395 2827 1473 balige
2856 1398 2935 1453 le-

790 1497 1030 1568 gendum
1057 1513 1242 1551 censeo
1268 1494 1510 1573 haligne.
1560 1495 1629 1551 V.
1656 1512 1752 1569 30.
1780 1497 1948 1568 liquet
1977 1495 2065 1551 hic
2091 1496 2304 1569 aliquid
2329 1495 2524 1550 deesse.
2566 1494 2641 1549 V.
2665 1511 2698 1567 3
2717 1513 2764 1551 1.
2788 1513 2932 1551 aene.

792 1591 863 1646 V.
893 1609 991 1666 32.
1019 1596 1168 1670 pon3
1212 1594 1275 1649 it.
1311 1610 1420 1667 pro
1461 1597 1572 1649 and
1600 1590 1957 1670 gewitnesse,
1986 1598 2040 1648 et
2068 1590 2210 1648 ealle
2248 1590 2617 1668 gewemdest,
2649 1592 2936 1664 legendum

794 1710 979 1749 censeo
1007 1690 1152 1749 ealle
1179 1689 1534 1769 gewitnesse,
1566 1699 1622 1748 et
1651 1690 1761 1748 and
1792 1690 2160 1769 gewemdest.

630 1788 979 1847 LXXXIX.
1005 1808 1056 1845 v.
1076 1806 1134 1862 3.
1168 1788 1302 1845 Cod.
1345 1807 1557 1846 maenn.
1613 1789 1686 1846 V.
1713 1806 1802 1862 13.
1825 1806 1933 1863 pro
1961 1789 2067 1845 so³6
2095 1807 2169 1845 ne
2199 1785 2744 1861 legendumsortasse
2769 1790 2933 1846 so'6e.

791 1886 862 1942 V.
899 1899 991 1961 15.
1027 1886 1157 1941 Cod.
1190 1883 1534 1963 hwaehwiga.

628 1986 758 2043 XC.
802 1986 942 2058 Arg.
973 1981 1261 2041 Christum
1295 1992 1351 2040 et
1376 1981 1654 2042 Ecclesia.
1736 1982 1811 2040 V.
1846 2001 1892 2040 1.
1928 2001 2037 2058 pro
2065 2001 2157 2039 me
2198 2000 2306 2037 non
2334 1989 2414 2038 est
2440 1981 2663 2037 dubium
2694 1983 2823 2055 quin
2852 1979 2933 2053 pe

785 2085 1030 2156 genuina
1069 2083 1140 2137 sit
1182 2081 1356 2137 lectio.
1442 2082 1513 2138 V.
1542 2099 1602 2153 4.
1649 2082 1769 2138 voci
1810 2080 2011 2138 soeade
2053 2081 2235 2152 glossa
2280 2098 2452 2135 scuan
2493 2080 2931 2153 superscribitur.

789 2179 863 2236 V.
889 2179 945 2236 6.
969 2197 1075 2253 pro
1109 2183 1218 2256 paet
1253 2183 1346 2255 pu,
1383 2181 1498 2234 sine
1533 2179 1698 2234 dubio
1737 2183 1845 2256 paet
1882 2182 1949 2255 pe
1993 2177 2298 2250 legendum.
2380 2176 2453 2232 V.
2495 2193 2585 2247 14.
2605 2194 2715 2250 pro
2740 2174 2931 2246 mode,

790 2279 909 2351 lege
937 2276 1123 2342 niode,
1154 2284 1218 2332 ut
1250 2276 1656 2333 LXXXVIII.
1686 2294 1780 2334 11.
1864 2276 1935 2332 V.
1966 2276 2055 2333 16.
2085 2294 2252 2353 geon.

626 2376 786 2433 XCI.
830 2393 881 2429 v.
911 2390 967 2449 5.
1014 2372 1145 2428 eod.
1175 2370 1502 2451 Donhydig,
1533 2376 1752 2429 inscitia
1777 2372 2150 2429 rubricatori-3.
2233 2373 2308 2429 V.
2343 2372 2396 2428 8.
2427 2383 2488 2429 to
2515 2371 2763 2430 frecene.

625 2468 816 2525 XCII.
861 2486 910 2524 v.
943 2479 1000 2541 5.
1048 2466 1182 2523 Cod.
1212 2485 1386 2544 waege
1414 2486 1679 2545 agangaS.
1765 2467 1836 2524 V.
1873 2482 1926 2542 7.
1955 2486 2057 2524 use
2076 2486 2186 2541 pro
2215 2467 2401 2523 Huse.

625 2565 853 2622 XCIII.
900 2583 951 2621 v.
984 2563 1038 2619 8.
1085 2563 1217 2620 Cod.
1257 2576 1562 2642 ongeotan.
1650 2564 1720 2620 V.
1759 2583 1849 2638 13.
1880 2584 2005 2642 yrre
2029 2583 2135 2639 pro
2163 2563 2316 2641 yrfe:
2364 2566 2510 2620 linea
2549 2565 2793 2637 sequenti
2835 2582 2932 2620 vo-

788 2681 901 2719 cem
926 2659 1045 2719 tide
1074 2681 1192 2736 quae
1224 2661 1353 2719 Cod.
1382 2666 1529 2720 deest
1565 2665 1828 2740 supplevi.
1898 2665 1971 2720 V.
2003 2678 2094 2738 17.
2129 2665 2241 2720 Pro
2268 2668 2397 2740 paeS,
2429 2662 2534 2735 leg.
2551 2661 2799 2738 sortasse
2828 2667 2930 2739 pus

783 2759 871 2815 vel
897 2756 1014 2835 pis;
1060 2760 1123 2814 it.
1153 2776 1305 2815 naere
1326 2778 1433 2833 pro
1462 2778 1642 2817 waere.

623 2856 808 2913 XCV.
851 2875 902 2912 v.
930 2874 989 2928 4.
1038 2856 1169 2912 Cod.
1199 2875 1346 2913 maen
1369 2877 1476 2931 pro
1502 2876 1655 2915 men.
1728 2858 1798 2915 V.
1831 2876 1851 2914 1
1870 2877 1920 2915 1.
1951 2857 2180 2916 eofenas
2199 2876 2308 2932 pro
2339 2856 2652 2913 HeofenaS.
2722 2858 2793 2912 V.
2836 2874 2926 2930 13.

785 2971 938 3011 011113
958 2972 1065 3028 pro
1092 2952 1312 3026 ponne.

622 3055 903 3112 XCVIII.
950 3074 1003 3112 v.
1035 3072 1094 3129 3.
1140 3055 1273 3110 Cod.
1301 3053 1523 3132 aeghaer.
1610 3056 1684 3113 V.
1716 3069 1773 3131 5.
1800 3053 2009 3113 craefta.
2095 3052 2167 3110 V.
2198 3053 2258 3111 6.
2288 3064 2347 3110 et
2366 3069 2475 3127 pro
2502 3051 2638 3111 and.
2725 3053 2792 3110 V.
2834 3071 2927 3110 10.

783 3154 985 3209 rectius
1011 3152 1259 3208 meahta.

622 3248 691 3304 C.
731 3267 781 3304 v.
818 3264 871 3304 1.
919 3248 1051 3303 Cod.
1083 3246 1147 3303 Ic
1176 3248 1345 3303 deest.
1429 3247 1502 3304 V.
1539 3266 1594 3305 2.
1625 3247 1710 3305 Ac
1733 3266 1840 3321 pro
1868 3248 1951 3305 Ic.

621 3341 721 3398 CI.
755 3363 804 3399 v.
832 3362 880 3400 1.
916 3344 1049 3400 Cod.
1080 3361 1234 3400 mere
1260 3362 1363 3418 pro
1392 3363 1576 3401 maere.
1657 3344 1731 3402 V.
1762 3362 1818 3418 3.
1847 3343 2247 3421 forspyrcende
2287 3359 2397 3398 non
2424 3340 2692 3414 intellige.
2763 3339 2839 3397 V.
2872 3341 2928 3406 6,

782 3437 955 3496 edwit
981 3456 1254 3516 spraecon.
1337 3440 1408 3496 V.
1440 3457 1529 3513 13.
1563 3438 1726 3498 wises
1745 3460 1855 3516 pro
1879 3441 2117 3499 woruld.
2189 3440 2264 3498 V.
2301 3458 2395 3497 21.
2435 3439 2607 3495 Totus
2633 3455 2817 3495 versus
2848 3440 2926 3493 vi·

781 3538 941 3592 detur
963 3554 998 3591 a
1024 3536 1392 3609 paraphraste
1418 3538 1564 3593 male
1589 3537 2113 3613 intellectusfitisse.

620 3635 751 3691 CII.
797 3652 846 3691 v.
876 3633 934 3690 6.
982 3634 1113 3689 Cod.
1144 3632 1255 3689 and
1288 3633 1395 3690 fult
1424 3633 1661 3704 reaflice,
1700 3636 1796 3690 sed
1839 3637 2015 3692 locum
2054 3653 2163 3691 non
2206 3633 2456 3706 intelligo
2473 3658 2494 3701 ,-
2536 3633 2597 3688 it.
2644 3629 2785 3687 ealle
2821 3648 2929 3704 pro

779 3729 1006 3788 callum.
1094 3729 1161 3785 V.
1199 3748 1289 3786 12.
1335 3732 1487 3789 Hwa
1521 3750 1629 3806 pro
1672 3732 1821 3799 Swa,
1863 3734 2087 3788 inscitia
2134 3731 2530 3794 rubricatori-33
2589 3729 2653 3783 it.
2700 3725 2924 3804 aegbaer.

780 3826 853 3884 V.
885 3840 975 3900 17.
1004 3830 1073 3905 pa
1099 3831 1166 3904 pe
1194 3831 1280 3903 pe.
2633 3822 2638 3832 '

614 3922 774 3980 CIII.
819 3943 867 3979 v.
899 3942 955 3999 9.
1003 3923 1137 3981 eod.
1166 3921 1533 4002 gestaludest.
1616 3926 1693 3983 V.
1732 3940 1823 3999 17.
1859 3927 2075 3982 initium
2119 3922 2283 3996 hujus
2321 3941 2508 3980 versus
2546 3923 2765 3978 videtur
2790 3922 2927 3977 vitio

777 4019 1030 4076 laborare
1057 4021 1368 4077 incurabili.
1453 4020 1526 4077 V.
1563 4022 1658 4078 26.
1688 4021 1872 4079 Aand.

612 4115 766 4171 CIV.
808 4134 858 4172 v.
884 4133 939 4190 3.
974 4116 1105 4172 Cod.
1135 4115 1305 4173 mode
1328 4136 1433 4191 pro
1463 4118 1665 4186 neode,
1696 4126 1760 4175 ut
1785 4137 1925 4193 soepe
1951 4126 2118 4176 antea
2134 4145 2155 4188 ,-
2199 4119 2289 4175 hic
2316 4123 2498 4174 autem
2530 4133 2771 4172 errorem
2799 4131 2921 4170 cor-

772 4216 909 4270 rexi.
995 4214 1069 4271 V.
1110 4228 1198 4288 17.
1232 4215 1380 4288 Lege
1424 4219 1643 4272 omnino
1667 4216 1817 4273 hlfif-
1840 4236 1943 4292 pro
1973 4216 2139 4274 haist.
2224 4216 2295 4271 V.
2332 4233 2426 4287 24.
2475 4215 2647 4271 heora
2681 4230 2789 4287 pro
2834 4208 2920 4265 his

773 4312 934 4368 male.
1020 4311 1093 4367 V.
1129 4311 1221 4368 26.
1257 4322 1486 4369 toscean
1517 4332 1622 4371 non
1653 4316 1921 4389 intellige.
1989 4314 2058 4371 V.
2093 4332 2192 4386 40.
2222 4311 2489 4371 sceoldan
2512 4329 2621 4386 pro
2651 4308 2916 4374 beoldan,

772 4408 916 4480 quod
941 4424 1125 4463 sensus
1144 4409 1318 4481 plane
1346 4411 1532 4483 exigit.
