3254 5326
1196 227 1829 305 PRAEFATIO.
2631 257 2676 303 v

376 411 512 487 vix
546 411 971 509 quicquam
1006 409 1429 484 verisimile
1466 411 1891 511 conjectari
1926 413 2196 514 possit.
2271 412 2676 487 Memoriae

377 535 698 633 quidem
767 533 1164 632 proditum
1232 546 1350 607 est
1409 534 1943 624 Aldhelmum,
2014 535 2676 610 Shirburnensem

376 657 888 758 Episcopum,
925 657 1061 755 qui
1099 681 1343 755 quum
1392 659 1833 732 carminum
1880 659 2114 734 laude
2160 659 2676 747 inclaruisset,

376 808 531 857 non
570 782 851 857 Latino
885 782 1132 856 solum
1182 783 1320 856 sed
1358 795 1436 857 et
1481 785 1736 883 patrio
1771 810 2126 861 sermone
2162 786 2676 872 conditorum,

377 906 472 980 A.
491 906 912 980 D.1)cclx.
967 920 1317 981 mortuus
1378 919 1517 994 est,
1572 907 1934 983 Psalmos
1986 910 2325 984 Davidis
2384 909 2676 1006 Anglo-

377 1028 771 1104 Saxonice
822 1030 1165 1129 primum
1218 1031 1699 1106 reddidisse:
1756 1045 1835 1107 et
1871 1058 2117 1130 quum
2152 1033 2403 1107 versio
2439 1058 2678 1130 quam

376 1178 517 1228 nos
565 1153 950 1242 edendam
1002 1155 1513 1255 suscepimus,
1551 1156 1697 1228 etsi
1734 1155 1835 1229 ab
1872 1156 2098 1230 initio
2135 1156 2233 1229 ad
2274 1155 2677 1230 Psalmum

377 1277 1118 1376 quinquagesimum
1153 1278 1501 1353 oratione
1536 1278 1789 1352 soluta
1824 1279 2121 1377 scripta
2156 1290 2295 1366 est,
2334 1279 2517 1352 inde
2552 1304 2676 1354 us-

375 1426 531 1498 que
591 1400 692 1474 ad
752 1401 995 1475 finem
1045 1400 1402 1477 versibus
1451 1402 1672 1499 puris
1724 1400 2440 1499 Anglo-Saxonicis
2495 1426 2676 1476 con-

374 1536 547 1616 stet,
597 1525 913 1600 dicendi
963 1538 1225 1601 tamen
1275 1549 1521 1622 genus
1568 1526 1922 1601 seculum
1967 1527 2274 1600 decimo
2319 1525 2678 1624 superius

374 1674 530 1722 non
568 1650 860 1748 sapiat3
897 1662 1126 1724 erunt
1160 1650 1485 1724 fortasse
1521 1650 1658 1748 qui
1696 1651 2196 1748 suspicentur
2231 1674 2403 1724 eam
2441 1650 2678 1724 aliam

374 1796 530 1846 non
580 1796 748 1847 esse
794 1797 1034 1870 quam
1071 1773 1472 1847 Aldhelmi
1524 1774 1776 1872 ipsius
1822 1774 2260 1849 versionem
2313 1798 2360 1847 a
2411 1798 2675 1847 recen-

372 1895 568 1969 tiore
606 1896 946 1993 quodam
995 1896 1375 1970 refictam.
1475 1897 1921 1971 Fatendum
1971 1908 2087 1971 est
2139 1897 2675 1985 nihilominuS,

373 2017 673 2091 indicia
706 2044 881 2116 quae
918 2041 1169 2092 sermo
1216 2018 1386 2117 ipse
1438 2018 1895 2119 suppeditat
1941 2020 2038 2094 ad
2077 2019 2677 2120 dijudicandum

374 2142 600 2242 cujus
651 2143 808 2218 sint
859 2144 1002 2217 aevi
1054 2144 1347 2243 scripta
1382 2169 1716 2242 quaeque
1752 2144 2169 2232 Saxonica,
2207 2157 2369 2220 tam
2421 2171 2678 2245 pauca

371 2279 692 2367 tamque
738 2271 1038 2344 incerta
1089 2294 1281 2356 esse,
1318 2281 1428 2357 ut,
1467 2271 1564 2343 iis
1611 2270 1859 2344 solum
1898 2258 2097 2358 freti,
2136 2295 2375 2370 super
2408 2271 2557 2345 hac
2593 2248 2677 2346 re

360 2390 496 2490 jus
522 2393 948 2491 quicquam
979 2393 1421 2467 affirmandi
1457 2418 1601 2494 pro
1627 2405 1839 2467 certo
1866 2380 2188 2468 minime
2218 2394 2673 2470 habeamus.

474 2515 872 2616 Interpres
907 2529 1168 2592 noster
1202 2517 1519 2616 ubique,
1558 2517 1640 2592 in
1694 2528 1918 2616 parte
1967 2518 2204 2592 etiam
2253 2518 2390 2592 illa
2436 2544 2674 2617 quam

373 2641 718 2716 oratione
786 2641 1038 2718 soluta
1103 2642 1469 2730 reddidit,
1533 2642 2261 2725 circumlocutiones
2328 2641 2674 2732 adhibet,

373 2765 1198 2843 commentationibus⁰
1251 2765 1545 2839 crebris
1594 2764 2050 2863 interjectis,
2090 2764 2379 2862 quibus
2416 2763 2676 2839 Latini

373 2886 819 2986 interpretis
853 2889 1241 2963 sententia
1275 2889 1587 2988 plenius
1622 2888 2083 2988 explicetur.
2164 2888 2510 2962 Dicendi
2546 2915 2676 2987 ge-

371 3012 540 3086 neri
594 3011 962 3111 majestas
1022 3013 1226 3087 inest
1281 3024 1358 3086 et
1409 3013 1775 3110 gravitas,
1830 3024 1907 3087 et
1958 3037 2226 3087 versus
2286 3012 2678 3110 elegantia

371 3159 527 3216 non
580 3134 882 3231 vulgari
937 3136 1387 3210 concinnati
1441 3147 1679 3210 sunt:
1755 3136 1917 3223 sed,
1974 3136 2181 3234 quod
2246 3136 2529 3235 saepius
2591 3137 2674 3211 in

374 3256 676 3331 Latinis
739 3256 1132 3333 Saxonice
1191 3259 1515 3333 redditis
1576 3260 1871 3333 factum
1933 3270 2073 3345 est,
2129 3258 2228 3333 de
2288 3259 2677 3334 sententia

374 3380 826 3454 Latinorum
879 3407 1446 3479 nonnunquam
1499 3382 1609 3455 ita
1653 3381 2103 3468 disceditur,
2140 3393 2228 3455 ut
2279 3382 2531 3479 magis
2582 3383 2673 3456 fi-

370 3506 557 3579 dum
596 3506 1104 3604 interpretem
1139 3506 1371 3580 facile
1407 3506 1826 3580 desideres.
1918 3505 2133 3578 Hinc
2172 3505 2495 3603 quidem
2531 3506 2673 3579 mi-

370 3655 519 3704 nus
579 3631 998 3705 verisimile
1058 3631 1149 3705 fit
1209 3632 1413 3705 hanc
1472 3632 1910 3706 versionem
1969 3657 2168 3732 opus
2228 3630 2468 3705 fuisse
2527 3632 2673 3706 viri

371 3757 725 3831 doctrina
777 3756 1067 3829 eximia
1119 3756 1374 3854 qualis
1426 3756 1661 3830 fuerit
1709 3755 2223 3846 Aldhelmus3
2277 3756 2423 3829 etsi
2471 3756 2675 3830 inter

369 3905 663 3955 errores
715 3882 900 3954 istos
953 3880 1179 3953 multi
1231 3892 1414 3954 sunt
1459 3904 1656 3978 quos
1707 3893 1842 3955 aut
1892 3881 2214 3954 incuriae
2269 3891 2404 3954 aut
2455 3880 2671 3977 igno-

367 4006 639 4079 rantiae
706 4005 1005 4079 librarii
1054 4004 1236 4104 jure
1297 4006 1655 4096 tribuas,
1730 4005 1955 4105 cujus
2017 4016 2299 4103 praeter
2362 4030 2668 4093 nomen,

367 4129 576 4227 quod
624 4128 703 4201 in
758 4127 1025 4203 notula
1078 4128 1179 4201 ad
1223 4127 1519 4201 calcem
1568 4127 1985 4201 voluminis
2022 4125 2671 4201 Latino-barbare

518 4380 543 4410 c
589 4370 733 4439 Has,
764 4369 824 4426 in
854 4379 1017 4448 parte
1048 4369 1237 4427 soluta
1266 4369 1526 4427 oratione
1554 4368 1803 4435 reddita,
1839 4367 2134 4426 uncinulis
2161 4366 2519 4425 inclusimus.
